@article{manrique2016bayesian,
  title={Bayesian population size estimation using Dirichlet process mixtures},
  author={Manrique-Vallier, Daniel},
  journal={Biometrics},
  volume={72},
  number={4},
  pages={1246--1254},
  year={2016},
  publisher={Wiley Online Library}
}

@article{steorts2016bayesian,
  title={A bayesian approach to graphical record linkage and deduplication},
  author={Steorts, Rebecca C and Hall, Rob and Fienberg, Stephen E},
  journal={Journal of the American Statistical Association},
  volume={111},
  number={516},
  pages={1660--1672},
  year={2016},
  publisher={Taylor \& Francis}
}

@article{steorts2015entity,
  title={Entity resolution with empirically motivated priors},
  author={Steorts, Rebecca C},
  journal={Bayesian Analysis},
  volume={10},
  number={4},
  pages={849--875},
  year={2015},
  publisher={International Society for Bayesian Analysis}
}

@article{liseo2011bayesian,
  title={Bayesian estimation of population size via linkage of multivariate normal data sets},
  author={Liseo, Brunero and Tancredi, Andrea},
  journal={Journal of Official Statistics},
  volume={27},
  number={3},
  pages={491},
  year={2011}
}

@article{tancredi2011hierarchical,
  title={A hierarchical Bayesian approach to record linkage and population size problems},
  author={Tancredi, Andrea and Liseo, Brunero},
  journal={The Annals of Applied Statistics},
  volume={5},
  number={2B},
  pages={1553--1585},
  year={2011},
  publisher={Institute of Mathematical Statistics}
}

@article{chen2017unique,
  title={Unique Entity Estimation with Application to the Syrian Conflict},
  author={Chen, Beidi and Shrivastava, Anshumali and Steorts, Rebecca C},
  journal={arXiv preprint arXiv:1710.02690},
  year={2017}
}

@article{sadinle2013generalized,
  title={A generalized Fellegi--Sunter framework for multiple record linkage with application to homicide record systems},
  author={Sadinle, Mauricio and Fienberg, Stephen E},
  journal={Journal of the American Statistical Association},
  volume={108},
  number={502},
  pages={385--397},
  year={2013},
  publisher={Taylor \& Francis}
}

@article{price2014updated,
  title={Updated statistical analysis of documentation of killings in the Syrian Arab Republic},
  author={Price, Megan and Gohdes, Anita and Ball, Patrick},
  journal={Human Rights Data Analysis Group, Geneva},
  year={2014}
}

@article{madigan1997bayesian,
  title={Bayesian methods for estimation of the size of a closed population},
  author={Madigan, David and York, Jeremy C},
  journal={Biometrika},
  volume={84},
  number={1},
  pages={19--31},
  year={1997},
  publisher={Oxford University Press}
}

@Manual{dga,
    title = {dga: Capture-Recapture Estimation using Bayesian Model Averaging},
    author = {James Johndrow and Kristian Lum and Patrick Ball},
    year = {2015},
    note = {R package version 1.2},
    url = {https://CRAN.R-project.org/package=dga},
  }
  
@Manual{LCMCR,
    title = {LCMCR: Bayesian Non-Parametric Latent-Class Capture-Recapture},
    author = {Daniel Manrique-Vallier},
    year = {2017},
    note = {R package version 0.4.3},
    url = {https://CRAN.R-project.org/package=LCMCR},
  }
  
@Manual{eber,
    title = {eber: Empirical Bayes Entity Resolution},
    author = {Australian Bureau of Statistics},
    year = {Forthcoming},
    note = {R package version 0.1},
  } 

@Manual{blink,
    title = {blink: Record Linkage for Empirically Motivated Priors},
    author = {Rebecca Steorts},
    year = {2017},
    note = {R package version 0.1.0},
    url = {https://CRAN.R-project.org/package=blink},
  }

