@INPROCEEDINGS{Asheretal03,
  AUTHOR =       {J. Asher and S. E. Fienberg and E. Stuart and A. Zaslavsky},
  TITLE =        {{Inferences for Finite Populations Using Multiple Data Sources with Different Reference Times}},
  BOOKTITLE =    {Proc. of Statistics Canada Symposium 2002: Modelling Survey Data For Social and Economic Research},
  YEAR =         {2003},
  ORGANIZATION = {Statistics Canada},
  PAGES =	 {},
  MONTH =	 {},
}
@INPROCEEDINGS{AsherFienberg01,
  AUTHOR =       {J. Asher and S. E. Fienberg},
  TITLE =        {{Statistical Variations on an Administrative Records Census}},
  BOOKTITLE =    {Proc. Sec. on Government Statistics},
  YEAR =         {2001},
  ORGANIZATION = {ASA},
  PAGES =	 {},
  MONTH =	 {},
}
@ARTICLE{Pierskalla69,
  AUTHOR =       {William P. Pierskalla},
  TITLE =        {{Erratum: The Multidimensional Assignment Problem}},
  JOURNAL =      {Operations Research},
  YEAR =         {1969},
  NUMBER = 	 {2},
  VOLUME =	 {17},
  PAGES =	 {371},
  MONTH =	 {Mar. -- Apr.},
}
@INPROCEEDINGS{Winkler94,
  AUTHOR =       {Winkler, W. E.},
  TITLE =        {{Advanced Methods for Record Linkage}},
  BOOKTITLE =    {Proc. Sec. on Survey Research Methods},
  YEAR =         {1994},
  ORGANIZATION = {ASA},
  PAGES =	 {467--472},
  MONTH =	 {},
}
@ARTICLE{Haley65,
  AUTHOR =       {K. B. Haley},
  TITLE =        {{The Existence of a Solution to the Multi-Index Problem}},
  JOURNAL =      {Operational Research Quarterly},
  YEAR =         {1965},
  NUMBER = 	 {4},
  VOLUME =	 {16},
  PAGES =	 {471--474},
  MONTH =	 {December},
}
@ARTICLE{Pierskalla68,
  AUTHOR =       {William P. Pierskalla},
  TITLE =        {{The Multidimensional Assignment Problem}},
  JOURNAL =      {Operations Research},
  YEAR =         {1968},
  NUMBER = 	 {2},
  VOLUME =	 {16},
  PAGES =	 {422--431},
  MONTH =	 {Mar. -- Apr.},
}
@TECHREPORT{WinklerThibaudeau91,
  AUTHOR =       {Winkler, W. E. and Thibaudeau, Y.},
  TITLE =        {{An Application of the Fellegi-Sunter Model of Record Linkage to the 1990 U.S. Decennial Census}},
  INSTITUTION =  {U.S. Census Bureau},
  YEAR =         {1991},
  NUMBER = 	 {91-9},
  TYPE =	 {Statistical Research Division Technical Report},
  MONTH =	 {},
  URL =          {http://www.census.gov/srd/papers/pdf/rr91-9.pdf}
}
@ARTICLE{Belletal94,
  AUTHOR =       {Robert M. Bell and Joan Keesey and Toni Richards},
  TITLE =        {{The Urge to Merge: Linking Vital Statistics Records and Medicaid Claims}},
  JOURNAL =      {Medical Care},
  YEAR =         {1994},
  NUMBER = 	 {10},
  VOLUME =	 {32},
  PAGES =	 {1004--1018},
  MONTH =	 {October},
}
@BOOK{McLachlanPeel00,
  AUTHOR =       {Geoffrey McLachlan and David Peel},
  TITLE =        {{Finite Mixture Models}},
  PUBLISHER =    {Wiley},
  YEAR =         {2000},
  EDITION =      {},
  ADDRESS =      {New York}
}
@BOOK{Rosen06,
  AUTHOR =       {Kenneth H. Rosen},
  TITLE =        {{Discrete Mathematics and Its Applications}},
  PUBLISHER =    {McGraw-Hill},
  YEAR =         {2006},
  EDITION =      {6th}
}
@BOOK{HerzogScheurenWinkler07,
  AUTHOR =       {Thomas N. Herzog and Fritz J. Scheuren and William E. Winkler},
  TITLE =        {{Data Quality and Record Linkage Techniques}},
  PUBLISHER =    {Springer},
  YEAR =         {2007},
  ADDRESS =      {New York}
}
@ARTICLE{Merayetal07,
  AUTHOR =       {Nora M\'eray and Johannes B. Reitsma and Anita C.J. Ravelli and Gouke J. Bonsel},
  TITLE =        {{Probabilistic Record Linkage is a Valid and Transparent Tool to Combine
Databases Without a Patient Identification Number}},
  JOURNAL =      {Journal of Clinical Epidemiology},
  YEAR =         {2007},
  NUMBER = 	 {9},
  VOLUME =	 {60},
  PAGES =	 {883--891},
  MONTH =	 {},
}
@ARTICLE{LarsenRubin01,
  AUTHOR =       {Michael D. Larsen and Donald B. Rubin},
  TITLE =        {{Iterative Automated Record Linkage Using Mixture Models}},
  JOURNAL =      {Journal of the American Statistical Association },
  YEAR =         {2001},
  NUMBER = 	 {453},
  VOLUME =	 {96},
  PAGES =	 {32--41},
  MONTH =	 {March},
}
@ARTICLE{Jaro89,
  AUTHOR =       {Matthew A. Jaro},
  TITLE =        {{Advances in Record-Linkage Methodology as Applied to Matching the 1985 Census of Tampa, Florida}},
  JOURNAL =      {Journal of the American Statistical Association },
  YEAR =         {1989},
  NUMBER = 	 {406},
  VOLUME =	 {84},
  PAGES =	 {414--420},
  MONTH =	 {June},
}
@INPROCEEDINGS{Winkler88,
  AUTHOR =       {Winkler, W. E.},
  TITLE =        {{Using the EM Algorithm for Weight Computation in the Fellegi-Sunter Model of Record Linkage}},
  BOOKTITLE =    {Proc. Sec. on Survey Research Methods},
  YEAR =         {1988},
  ORGANIZATION = {ASA},
  PAGES =	 {667--671},
  MONTH =	 {},
}
@ARTICLE{DempsterLairdRubin77,
  AUTHOR =       {A. P. Dempster and N. M. Laird and D. B. Rubin},
  TITLE =        {{Maximum Likelihood from Incomplete Data via the EM Algorithm}},
  JOURNAL =      {Journal of the Royal Statistical Society. Series B (Methodological)},
  YEAR =         {1977},
  NUMBER = 	 {1},
  VOLUME =	 {39},
  PAGES =	 {1--38},
  MONTH =	 {},
}
@ARTICLE{Rota64,
  AUTHOR =       {Gian-Carlo Rota},
  TITLE =        {{The Number of Partitions of a Set}},
  JOURNAL =      {The American Mathematical Monthly},
  YEAR =         {1964},
  NUMBER = 	 {5},
  VOLUME =	 {71},
  PAGES =	 {498--504},
  MONTH =	 {May},
}
@ARTICLE{FellegiSunter69,
  AUTHOR =       {Fellegi, Ivan P. and Sunter, Alan B.},
  TITLE =        {{A Theory for Record Linkage}},
  JOURNAL =      {Journal of the American Statistical Association },
  YEAR =         {1969},
  NUMBER = 	 {328},
  VOLUME =	 {64},
  PAGES =	 {1183--1210},
  MONTH =	 {December},
}
@ARTICLE{FienbergManrique09,
  AUTHOR =       {Fienberg, Stephen E. and Manrique-Vallier, Daniel},
  TITLE =        {{Integrated Methodology for Multiple Systems Estimation
and Record Linkage Using a Missing Data Formulation}},
  JOURNAL =      {AStA Advances in Statistical Analysis},
  YEAR =         {2009},
  NUMBER = 	 {1},
  VOLUME =	 {93},
  PAGES =	 {49--60},
  MONTH =	 {March},
}
@BOOK{Bishopetal75,
  AUTHOR =       {Yvonne M. Bishop and Stephen E. Fienberg and Paul W. Holland},
  TITLE =        {{Discrete Multivariate Analysis: Theory and Practice}},
  PUBLISHER = 	 {The MIT Press. Reprinted in 2007 by Springer, New York},
  YEAR =	 {1975}
}
@ARTICLE{Hogan93,
  AUTHOR =       {Howard Hogan},
  TITLE =        {{The 1990 Post-Enumeration Survey: Operations and Results}},
  JOURNAL =      {Journal of the American Statistical Association },
  YEAR =         {1993},
  NUMBER = 	 {423},
  VOLUME =	 {88},
  PAGES =	 {1047--1060},
  MONTH =	 {September},
}
@ARTICLE{Hogan92,
  AUTHOR =       {Howard Hogan},
  TITLE =        {{The 1990 Post-Enumeration Survey: An Overview}},
  JOURNAL =      {The American Statistician},
  YEAR =         {1992},
  NUMBER = 	 {4},
  VOLUME =	 {46},
  PAGES =	 {261--269},
  MONTH =	 {November},
}
@ARTICLE{Breiman94,
  AUTHOR =       {Leo Breiman},
  TITLE =        {{The 1991 Census Adjustment: Undercount or Bad Data?}},
  JOURNAL =      {Statistical Science},
  YEAR =         {1994},
  NUMBER = 	 {4},
  VOLUME =	 {9},
  PAGES =	 {458--475},
  MONTH =	 {November},
}
@ARTICLE{Abenietal94,
  AUTHOR =       {Damiano D. Abeni and Giovanna Brancato and Carlo A. Perucci},
  TITLE =        {{Capture-Recapture to Estimate the Size of the Population with Human Immunodeficiency
Virus Type 1 Infection}},
  JOURNAL =      {Epidemiology},
  YEAR =         {1994},
  NUMBER = 	 {4},
  VOLUME =	 {5},
  PAGES =	 {410--414},
  MONTH =	 {July},
}
@ARTICLE{Faustinietal00,
  AUTHOR =       {A. Faustini and V. Fano and M. Sangalli and S. Ferro and L. Celesti and P. Contegiacomo and V. Renzini and
C. A. Perucci},
  TITLE =        {{Estimating Incidence of Bacterial Meningitis with Capture-Recapture Method, Lazio Region,
Italy}},
  JOURNAL =      {European Journal of Epidemiology},
  YEAR =         {2000},
  NUMBER = 	 {9},
  VOLUME =	 {16},
  PAGES =	 {843--848},
  MONTH =	 {},
}
@Manual{R08,
  title = {R: A Language and Environment for Statistical Computing},
  author = {{R Development Core Team}},
  organization = {R Foundation for Statistical Computing},
  address = {Vienna, Austria},
  year = {2008},
  note = {{ISBN} 3-900051-07-0},
  url = {http://www.R-project.org},
}
@Manual{R10,
    title = {R: A Language and Environment for Statistical Computing},
    author = {{R Development Core Team}},
    organization = {R Foundation for Statistical Computing},
    address = {Vienna, Austria},
    year = {2010},
    note = {{ISBN} 3-900051-07-0},
    url = {http://www.R-project.org},
}

@BOOK{Ripley96,
  AUTHOR =       {B. D. Ripley},
  TITLE =        {{Pattern Recognition and Neural Networks}},
  PUBLISHER =    {Cambridge University Press},
  YEAR =         {1996},
  EDITION =      {},
  ADDRESS =      {}
}

@ARTICLE{LahiriLarsen05,
  AUTHOR =       {P. Lahiri and M. D. Larsen},
  TITLE =        {{Regression Analysis With Linked Data}},
  JOURNAL =      {Journal of the American Statistical Association },
  YEAR =         {2005},
  NUMBER = 	 {469},
  VOLUME =	 {100},
  PAGES =	 {222--230},
  MONTH =	 {March},
}
@INPROCEEDINGS{Winkler93,
  AUTHOR =       {W. E. Winkler},
  TITLE =        {{Improved Decision Rules in the Fellegi-Sunter Model of Record Linkage}},
  BOOKTITLE =    {Proceedings of Survey Research Methods Section},
  YEAR =         {1993},
  ORGANIZATION = {ASA},
  PAGES =	 {274--279},
  MONTH =	 {},
}
@ARTICLE{CopasHilton90,
  AUTHOR =       {J. B. Copas and F. J. Hilton},
  TITLE =        {{Record Linkage: Statistical Models for Matching Computer Records}},
  JOURNAL =      {Journal of the Royal Statistical Society. Series A (Statistics in Society)},
  YEAR =         {1990},
  NUMBER = 	 {3},
  VOLUME =	 {153},
  PAGES =	 {287--320},
  MONTH =	 {},
}
@ARTICLE{TancrediLiseo11,
  AUTHOR =       {Andrea Tancredi and Brunero Liseo},
  TITLE =        {{A Hierarchical Bayesian Approach to Record Linkage and Size Population Problems}},
  JOURNAL =      {Annals of Applied Statistics},
  YEAR =         {2011},
  NUMBER = 	 {2B},
  VOLUME =	 {5},
  PAGES =	 {1553--1585},
  MONTH =	 {},
}
@ARTICLE{QiaoLiu09,
  AUTHOR =       {Xingye Qiao and Yufeng Liu},
  TITLE =        {{Adaptive Weighted Learning for Unbalanced Multicategory Classification}},
  JOURNAL =      {Biometrics},
  YEAR =         {2009},
  NUMBER = 	 {1},
  VOLUME =	 {65},
  PAGES =	 {159--168},
  MONTH =	 {March},
}
@ARTICLE{Newcombeetal59,
  AUTHOR =       {H. B. Newcombe and J. M. Kennedy and S. J. Axford and A. P. James},
  TITLE =        {{Automatic Linkage of Vital Records}},
  JOURNAL =      {Science},
  YEAR =         {1959},
  NUMBER = 	 {3381},
  VOLUME =	 {130},
  PAGES =	 {954--959},
  MONTH =	 {October},
}
@ARTICLE{Bilenkoetal03,
  AUTHOR =   {M. Bilenko and R. J. Mooney and W. W. Cohen and P. Ravikumar and S. E. Fienberg},
  TITLE =        {{Adaptive Name Matching in Information Integration}},
  JOURNAL =  {IEEE Intelligent Systems},
  YEAR =         {2003},
  NUMBER = 	 {5},
  VOLUME =	 {18},
  PAGES =	 {16--23},
  MONTH =	 {October},
}
@ARTICLE{HerzogScheurenWinkler10,
  AUTHOR =       {Thomas H. Herzog and Fritz Scheuren and William E. Winkler},
  TITLE =        {{Record Linkage}},
  JOURNAL =      {Wiley Interdisciplinary Reviews: Computational Statistics},
  YEAR =         {2010},
  NUMBER = 	 {5},
  VOLUME =	 {2},
  PAGES =	 {535--543},
  MONTH =	 {October},
}
@ARTICLE{ZaslavskyWolfgang93,
  AUTHOR =       {Alan M. Zaslavsky and Glenn S. Wolfgang},
  TITLE =        {{Triple-System Modeling of Census, Post-Enumeration Survey, and Administrative-List Data}},
  JOURNAL =      {Journal of Business and Economic Statistics},
  YEAR =         {1993},
  NUMBER = 	 {3},
  VOLUME =	 {11},
  PAGES =	 {279--288},
  MONTH =	 {},
}
@ARTICLE{Darrochetal93,
  AUTHOR =       {John N. Darroch and Stephen E. Fienberg and Gary F. V. Glonek and Brian W. Junker},
  TITLE =        {{A Three-Sample Multiple-Recapture Approach to Census Population Estimation with Heterogeneous Catchability}},
  JOURNAL =      {Journal of the American Statistical Association },
  YEAR =         {1993},
  NUMBER = 	 {423},
  VOLUME =	 {88},
  PAGES =	 {1137--1148},
  MONTH =	 {September},
}
@ARTICLE{WachterandFreedman00,
  AUTHOR =       {Kenneth W. Wachter and David A. Freedman},
  TITLE =        {{The Fifth Cell: Correlation Bias in U.S. Census Adjustment}},
  JOURNAL =      {Evaluation Review},
  YEAR =         {2000},
  NUMBER = 	 {2},
  VOLUME =	 {24},
  PAGES =	 {191--211},
  MONTH =	 {April},
}
@BOOK{AndersonFienbergbook,
  AUTHOR =       { Margo J. Anderson and Stephen E. Fienberg},
  TITLE =        {{Who Counts?: The Politics of Census-Taking in Contemporary America}},
  PUBLISHER =    {Russell Sage Foundation},
  YEAR =         {1999},
  EDITION =      {Revised paperback (2001)},
  ADDRESS =      {New York}
}
@TECHREPORT{Gohdes10,
  AUTHOR =       {Anita Gohdes},
  TITLE =        {{Different Convenience Samples, Different Stories: The Case of Sierra Leone}},
  INSTITUTION =  {The Human Rights Data Analysis Group at Benetech},
  YEAR =         {2010},
  NUMBER = 	 {},
  TYPE =	 {},
  MONTH =	 {},
  URL =          {}
}
@ARTICLE{RestrepoAguirre07,
  AUTHOR =       {Jorge A. Restrepo and Katherine Aguirre},
  TITLE =        {{Homicidios y Muertes Violentas: Un Analisis Comparativo de las Fuentes en Colombia}},
  JOURNAL =      {Forensis: Datos Para La Vida},
  YEAR =         {2007},
  NUMBER = 	 {},
  VOLUME =	 {},
  PAGES =	 {},
  MONTH =	 {},
}
@INCOLLECTION{Ball00,
  AUTHOR =       {Patrick Ball},
  BOOKTITLE =        {{Making the Case: Investigating Large Scale Human Rights Violations Using Information Systems and Data Analysis}},
  TITLE = {{The Guatemalan Commission for Historical Clarification: Generating Analytic Reports; Inter-Sample Analysis}},
  PUBLISHER =    {AAAS},
  YEAR =         {2000},
  ADDRESS =      {},
  PUBLISHER =    {American Association for the Advancement of Science},
  EDITOR =      { Patrick Ball and Herbert F. Spirer and Louise Spirer}
}

@ARTICLE{Lumetal10,
  AUTHOR =       {Kristian Lum and Megan Price and Tamy Guberek and Patrick Ball},
  TITLE =        {{Measuring Elusive Populations with Bayesian Model Averaging for Multiple Systems Estimation: A Case Study on Lethal Violations in Casanare, 1998-2007}},
  JOURNAL =      {Statistics, Politics, and Policy},
  YEAR =         {2010},
  NUMBER = 	 {1},
  VOLUME =	 {1},
  PAGES =	 {},
  MONTH =	 {},
}
@TECHREPORT{DANEvitales,
  AUTHOR =       {{Departamento Administrativo Nacional de Estadisticas, DANE}},
  TITLE =        {{Metodologia Estadisticas Vitales}},
  INSTITUTION =  {Direccion de Censos y Demografia},
  YEAR =         {2009},
  NUMBER = 	 {82},
  TYPE =	 {},
  MONTH =	 {},
  URL =          {http://www.dane.gov.co/files/investigaciones/fichas/Estadisticas_vitales.pdf}
}
@ARTICLE{Chenetal10,
  AUTHOR =       {Song Xi Chen and Cheng Yong Tang and Vincent T. Mule},
  TITLE =        {{Local Post-Stratification in Dual System Accuracy and Coverage Evaluation for the U.S. Census}},
  JOURNAL =      {Journal of the American Statistical Association },
  YEAR =         {2010},
  NUMBER = 	 {489},
  VOLUME =	 {105},
  PAGES =	 {105--119},
  MONTH =	 {},
}
@ARTICLE{BelinRubin95,
  AUTHOR =       {Thomas R. Belin and Donald B. Rubin},
  TITLE =        {{A Method for Calibrating False-Match Rates in Record Linkage}},
  JOURNAL =      {Journal of the American Statistical Association },
  YEAR =         {1995},
  NUMBER = 	 {430},
  VOLUME =	 {90},
  PAGES =	 {694--707},
  MONTH =	 {June},
}
@article{SadinleFienberg13,
  author = {Sadinle, Mauricio and Fienberg, Stephen E.},
  title = {{A Generalized Fellegi-Sunter Framework for Multiple Record Linkage With Application to Homicide Record Systems}},
  journal = {Journal of the American Statistical Association },
  number = {502},
  volume = {108},
  year = {2013},
  month = {June},
  pages = {385--397},
  URL = {http://amstat.tandfonline.com/doi/abs/10.1080/01621459.2012.757231},
  eprint = {http://amstat.tandfonline.com/doi/pdf/10.1080/01621459.2012.757231}
}
@INPROCEEDINGS{BhattacharyaGetoor06,
    author = {Indrajit Bhattacharya and Lise Getoor},
    title = {{A Latent Dirichlet Model for Unsupervised Entity Resolution}},
    booktitle = {The 6th SIAM International Conference on Data Mining (SIAM SDM)},
    year = {2006},
    address = {Bethesda, MD, USA},
    publisher = {}
}
@PHDTHESIS{Matsakis10,
  AUTHOR =       {Nicholas Elias Matsakis},
  TITLE =        {{Active Duplicate Detection with Bayesian Nonparametric Models}},
  SCHOOL =      {Massachusetts Institute of Technology},
  YEAR =         {2010},
  ADDRESS =   {}
}
@ARTICLE{Keeneretal87,
  AUTHOR =       {Robert Keener and Edward Rothman and Norman Starr},
  TITLE =        {{Distributions on Partitions}},
  JOURNAL =      {Annals of Statistics},
  YEAR =         {1987},
  NUMBER = 	 {4},
  VOLUME =	 {15},
  PAGES =	 {1466--1481},
  MONTH =	 {December},
}
@BOOK{Johnsonetal05,
  AUTHOR =       {Norman L. Johnson and Adrienne W. Kemp and Samuel Kotz},
  TITLE =        {{Univariate Discrete Distributions}},
  PUBLISHER =    {John Wiley \& Sons, Inc.},
  YEAR =         {2005},
  EDITION =      {Third},
  ADDRESS =      {Hoboken, New Jersey}
}
@INBOOK{McCullagh11,
  AUTHOR = {Peter McCullagh},
  BOOKTITLE = {{International Encyclopedia of Statistical Science}},
  TITLE = {{Random Permutations and Partition Models}},
  PUBLISHER = {Springer-Verlag Berlin Heidelberg},
  PAGES = {1170--1177},
  YEAR = {2011},
  EDITOR = {M. Lovric},
}
@BOOK{LittleRubin02,
  AUTHOR =       {Roderick J. A. Little and Donald B. Rubin},
  TITLE =        {{Statistical Analysis with Missing Data}},
  PUBLISHER =    {Wiley},
  YEAR =         {2002},
  EDITION =      {Second},
  ADDRESS =      {Hoboken, New Jersey}
}
@INPROCEEDINGS{Christen05,
  AUTHOR =       {Peter Christen},
  TITLE =        {{Probabilistic Data Generation for Deduplication and Data Linkage}},
  BOOKTITLE =    {IDEAL'05},
  YEAR =         {2005},
  ORGANIZATION = {},
  PAGES =	 {109--116},
  MONTH =	 {July},
  BOOKTITLE =    {Proc. of the Sixth International Conference on Intelligent Data Engineering and Automated Learning (IDEAL'05)}
}
@ARTICLE{DamienWalker01,
  AUTHOR =       {Paul Damien and Stephen G. Walker},
  TITLE =        {{Sampling Truncated Normal, Beta, and Gamma Densities}},
  JOURNAL =      {Journal of Computational and Graphical Statistics},
  YEAR =         {2001},
  NUMBER = 	 {2},
  VOLUME =	 {10},
  PAGES =	 {206--215},
  MONTH =	 {},
}
@incollection{ChristenPudjijono09,
  year={2009},
  isbn={978-3-642-01306-5},
  volume={5476},
  doi={10.1007/978-3-642-01307-2_47},
  title={{Accurate Synthetic Generation of Realistic Personal Information}},
  url={http://dx.doi.org/10.1007/978-3-642-01307-2_47},
  keywords={Artificial data; data matching; data linkage; privacy; data mining pre-processing},
  author={Christen, Peter and Pudjijono, Agus},
  pages={507--514},
  publisher={Springer},
  editor={Theeramunkong, Thanaruk and Kijsirikul, Boonserm and Cercone, Nick and Ho, Tu-Bao},
  series={Lecture Notes in Computer Science},
  booktitle={Advances in Knowledge Discovery and Data Mining},
  publisher={Springer Berlin Heidelberg}
}
@incollection{Buergenthal96,
  booktitle={{Estudios Especializados de Derechos Humanos}},
  volume={I},
  publisher={Instituto Interamericano de Derechos Humanos. San Jos{\'e}: IIDH},
  title={{La Comisi{\'o}n de la Verdad para El Salvador}},
  author={Buergenthal, Thomas},
  pages={11--62},
  year={1996},
  note={http://biblio.juridicas.unam.mx/libros/5/2061/6.pdf [Accessed May 31, 2013]},
  howpublished={http://biblio.juridicas.unam.mx/libros/5/2061/6.pdf [Accessed May 31, 2013]}
}
@PHDTHESIS{Amelia11,
  AUTHOR =       {Amelia {Hoover Green}},
  TITLE =        {{Repertoires of Violence Against Noncombatants: The Role of Armed Group Institutions and Ideologies}},
  SCHOOL =      {Yale University},
  YEAR =         {2011},
  ADDRESS =   {}
}
@MISC{CTElSalvador93,
  AUTHOR =       {{Commission on the Truth for El Salvador}},
  TITLE =        {{From Madness to Hope: the 12-Year War in El Salvador: Report of the Commission on the Truth for El Salvador}},
  howpublished = {http://www.usip.org/files/file/ElSalvador-Report.pdf [Accessed May 31, 2013]},
  YEAR =         {1993},
  MONTH =	 {},
 note = {UN Security Council}
}
@book{RAE05,
  title={{Diccionario Panhisp\'anico de Dudas}},
  author={{Real Academia Espa{\~n}ola}},
  year={2005},
  publisher={Santillana / Real Academia Espa{\~n}ola},
  address={Madrid},
  note={http://lema.rae.es/dpd/}
}
@ARTICLE{Elmagarmidetal07,
  AUTHOR =       {Ahmed K. Elmagarmid and Panagiotis G. Ipeirotis and Vassilios S. Verykios},
  TITLE =        {{Duplicate Record Detection: A Survey}},
  JOURNAL =      {IEEE Transactions on Knowledge and Data Engineering},
  YEAR =         {2007},
  NUMBER = 	 {1},
  VOLUME =	 {19},
  PAGES =	 {1--16},
  MONTH =	 {January},
}
@ARTICLE{AbowdVilhuber05,
  AUTHOR =       {John M. Abowd and Lars Vilhuber},
  TITLE =        {{The Sensitivity of Economic Statistics to Coding Errors in Personal Identifiers}},
  JOURNAL =      {Journal of Business \& Economic Statistics},
  YEAR =         {2005},
  NUMBER = 	 {2},
  VOLUME =	 {23},
  PAGES =	 {133--152},
  MONTH =	 {April},
}
@INPROCEEDINGS{Winkler90Strings,
  AUTHOR =       {Winkler, W. E.},
  TITLE =        {{String Comparator Metrics and Enhanced Decision Rules in the Fellegi-Sunter Model of Record Linkage}},
  BOOKTITLE =    {Proc. Sec. on Survey Research Methods},
  YEAR =         {1990},
  ORGANIZATION = {ASA},
  PAGES =	 {354--359},
  MONTH =	 {},
}
@BOOK{Rubin87,
  AUTHOR =       {Donald B. Rubin},
  TITLE =        {{Multiple Imputation for Nonresponse in Surveys}},
  PUBLISHER =    {John Wiley \& Sons},
  YEAR =         {1987},
  EDITION =      {},
  ADDRESS =      {New York}
}
@BOOK{Fuller87,
  AUTHOR =       {Wayne A. Fuller},
  TITLE =        {{Measurement Error Models}},
  PUBLISHER =    {John Wiley \& Sons},
  YEAR =         {1987},
  EDITION =      {},
  ADDRESS =      {New York}
}
@INPROCEEDINGS{ChristenVatsalan13,
  AUTHOR =       {Peter Christen and Dinusha Vatsalan},
  TITLE =        {{Flexible and Extensible Generation and Corruption of Personal Data}},
  BOOKTITLE =    {CIKM},
  YEAR =         {2013},
  ORGANIZATION = {},
  PAGES =	 {},
  MONTH =	 {},
  BOOKTITLE =    {Proc. of the ACM International Conference on Information and Knowledge Management (CIKM 2013)},
}
@BOOK{ChristenBook,
  AUTHOR =       {Peter Christen},
  TITLE =        {{Data Matching: Concepts and Techniques for Record Linkage, Entity Resolution, and Duplicate Detection}},
  PUBLISHER =    {Springer-Verlag},
  YEAR =         {2012},
  EDITION =      {},
  ADDRESS =      {Berlin Heidelberg}
}
@ARTICLE{Castledine81,
  AUTHOR =       {B. J. Castledine},
  TITLE =        {{A Bayesian Analysis of Multiple-Recapture Sampling for a Closed Population}},
  JOURNAL =      {Biometrika},
  YEAR =         {1981},
  NUMBER = 	 {1},
  VOLUME =	 {68},
  PAGES =	 {197--210},
  MONTH =	 {April},
}
@ARTICLE{GeorgeRobert92,
  AUTHOR =       {Edward I. George and Christian P. Robert},
  TITLE =        {{Capture-Recapture Estimation Via Gibbs Sampling}},
  JOURNAL =      {Biometrika},
  YEAR =         {1992},
  NUMBER = 	 {4},
  VOLUME =	 {79},
  PAGES =	 {677--683},
  MONTH =	 {December},
}
@ARTICLE{FienbergJohnsonJunker99,
  AUTHOR =       {Stephen E. Fienberg and Matthew S. Johnson and Brian W. Junker},
  TITLE =        {{Classical Multilevel and Bayesian Approaches to Population Size Estimation Using Multiple Lists}},
  JOURNAL =      { Journal of the Royal Statistical Society. Series A (Statistics in Society)},
  YEAR =         {1999},
  NUMBER = 	 {3},
  VOLUME =	 {162},
  PAGES =	 {383--405},
  MONTH =	 {},
}
@ARTICLE{Sametal13,
  AUTHOR =       {S. L. Ventura and R. Nugent and E. R. H. Fuchs},
  TITLE =        {{Methods Matter: Improving USPTO Inventor Disambiguation Algorithms with Classification and Labeled Inventor Records}},
  JOURNAL =      {Working Paper},
  YEAR =         {2013},
  NUMBER = 	 {},
  VOLUME =	 {},
  PAGES =	 {},
  MONTH =	 {},
}
@ARTICLE{Cochinwalaetal01,
  AUTHOR =       {Munir Cochinwala and Verghese Kurien and Gail Lalk and Dennis Shasha},
  TITLE =        {{Efficient Data Reconciliation}},
  JOURNAL =      {Information Sciences},
  YEAR =         {2001},
  NUMBER = 	 {1--4},
  VOLUME =	 {137},
  PAGES =	 {1--15},
  MONTH =	 {September},
}
@ARTICLE{Gutmanetal13,
  AUTHOR =       {Roee Gutman and Christopher C. Afendulis and Alan M. Zaslavsky},
  TITLE =        {{A Bayesian Procedure for File Linking to Analyze End-of-Life Medical Costs}},
  JOURNAL =      {Journal of the American Statistical Association },
  YEAR =         {2013},
  NUMBER = 	 {501},
  VOLUME =	 {108},
  PAGES =	 {34--47},
  MONTH =	 {March},
}
@ARTICLE{MadiganYork97,
  AUTHOR =       {David Madigan and Jeremy C. York},
  TITLE =        {{Bayesian Methods for Estimation of the Size of a Closed Population}},
  JOURNAL =      {Biometrika},
  YEAR =         {1997},
  NUMBER = 	 {84},
  VOLUME =	 {1},
  PAGES =	 { 19--31},
  MONTH =	 {},
}
@INPROCEEDINGS{Christen08,
  AUTHOR =       {Peter Christen},
  TITLE =        {{Automatic Record Linkage using Seeded Nearest Neighbour and Support Vector Machine Classification}},
  YEAR =         {2008},
  ORGANIZATION = {ACM},
  PAGES =	 {151--159},
  MONTH =	 {August},
  BOOKTITLE =    {Proc. of the 14th ACM SIGKDD International Conference on Knowledge Discovery and Data Mining (KDD '08)},
}
@inproceedings{Norenetal05,
 author = {Nor{\'e}n, G. Niklas and Orre, Roland and Bate, Andrew},
 title = {{A Hit-miss Model for Duplicate Detection in the WHO Drug Safety Database}},
 booktitle = {Proc. of the Eleventh ACM SIGKDD International Conference on Knowledge Discovery in Data Mining (KDD '05)},
 year = {2005},
 pages = {459--468},
 organization = {ACM}
}
@inproceedings{BilenkoMooney03,
 author = {Bilenko, Mikhail and Mooney, Raymond J.},
 title = {{Adaptive Duplicate Detection Using Learnable String Similarity Measures}},
 year = {2003},
 pages = {39--48},
 organization = {ACM},
 booktitle = {Proc. of the Ninth ACM SIGKDD International Conference on Knowledge Discovery and Data Mining (KDD '03)},
}
@inproceedings{Halletal08,
 author = {Hall, Rob and Sutton, Charles and McCallum, Andrew},
 title = {{Unsupervised Deduplication Using Cross-field Dependencies}},
 booktitle = {Proc. of the 14th ACM SIGKDD International Conference on Knowledge Discovery and Data Mining (KDD '08)},
 year = {2008},
 pages = {310--317},
 organization = {ACM}
}
@inproceedings{Hsuetal00,
 author = {Hsu, Wynne and Lee, Mong Li and Liu, Bing and Ling, Tok Wang},
 title = {{Exploration Mining in Diabetic Patients Databases: Findings and Conclusions}},
 year = {2000},
 pages = {430--436},
 organization = {ACM},
 booktitle = {Proc. of the Sixth ACM SIGKDD International Conference on Knowledge Discovery and Data Mining (KDD '00)},
}
@article{vonElmetal04,
  author = {Erik {von Elm} and Greta Poglia and Bernhard Walder and Martin R. Tram\`er},
  title = {{Different Patterns of Duplicate Publication: An Analysis of Articles Used in Systematic Reviews}},
  journal = {Journal of the American Medical Association},
  volume = {291},
  number = {8},
  pages = {974--980},
  year = {2004},
}
@ARTICLE{MulryCantwell10,
  AUTHOR =       {Mary H. Mulry and Patrick J. Cantwell},
  TITLE =        {{Overview of the 2010 Census Coverage Measurement Program and Its Evaluations}},
  JOURNAL =      {Chance},
  YEAR =         {2010},
  NUMBER = 	 {3},
  VOLUME =	 {23},
  PAGES =	 {46--51},
  MONTH =	 {},
}
@INPROCEEDINGS{McCallumWellner04,
  AUTHOR =       {Andrew McCallum and Ben Wellner},
  TITLE =        {{Conditional Models of Identity Uncertainty with Application to Noun Coreference}},
  BOOKTITLE =    {Advances in Neural Information Processing Systems (NIPS '04)},
  YEAR =         {2004},
  ORGANIZATION = {MIT Press},
  PAGES =	 {905--912},
  MONTH =	 {},
}
@INPROCEEDINGS{Murphyetal04,
  AUTHOR =       {Joe Murphy and Paul Pulliam and Randolph Lucas},
  TITLE =        {{Sample Frame Deduplication in the World Trade Center Health Registry: Minimizing Overcoverage and Cost}},
  BOOKTITLE =    {Proc. Sec. on Survey Research Methods},
  YEAR =         {2004},
  ORGANIZATION = {ASA},
  PAGES =	 {4072--4076},
  MONTH =	 {},
}
@article{Murphyetal07,
  author = {Murphy, Joe and Brackbill, Robert M. and Thalji, Lisa and Dolan, Melissa and Pulliam, Paul and Walker, Deborah J.},
  title = {{Measuring and Maximizing Coverage in the World Trade Center Health Registry}},
  journal = {Statistics in Medicine},
  volume = {26},
  number = {8},
  publisher = {John Wiley & Sons, Ltd.},
  pages = {1688--1701},
  keywords = {registry, World Trade Center, coverage, population estimation},
  year = {2007},
}
@ARTICLE{Milleretal00,
  AUTHOR =       {Perry L. Miller and Sandra J. Frawley and Frederick G. Sayward},
  TITLE =        {{IMM/Scrub: A Domain-Specific Tool for the Deduplication of Vaccination History Records in Childhood Immunization Registries}},
  JOURNAL =      {Computers and Biomedical Research},
  YEAR =         {2000},
  NUMBER = 	 {2},
  VOLUME =	 {33},
  PAGES =	 {126--143},
  MONTH =	 {},
}
@ARTICLE{SariyarBorg10,
  AUTHOR =       {Murat Sariyar and Andreas Borg},
  TITLE =        {{The RecordLinkage Package: Detecting Errors in Data}},
  JOURNAL =      {The R Journal},
  YEAR =         {2010},
  NUMBER = 	 {2},
  VOLUME =	 {2},
  PAGES =	 {61--67},
  MONTH =	 {December},
}
@ARTICLE{Sariyaretal09,
  AUTHOR =       {M. Sariyar and A. Borg and K. Pommerening},
  TITLE =        {{Evaluation of Record Linkage Methods for Iterative Insertions}},
  JOURNAL =      {Methods of Information in Medicine},
  YEAR =         {2009},
  NUMBER = 	 {5},
  VOLUME =	 {48},
  PAGES =	 {429--437},
  MONTH =	 {},
}
@ARTICLE{Sariyaretal12MissingValues,
  AUTHOR =       {M. Sariyar and A. Borg and K. Pommerening},
  TITLE =        {{Missing Values in Deduplication of Electronic Patient Data}},
  JOURNAL =      {Journal of the American Medical Informatics Association},
  YEAR =         {2012},
  NUMBER = 	 {},
  VOLUME =	 {19},
  PAGES =	 {e76--e82},
  MONTH =	 {},
}
@ARTICLE{Sariyaretal12,
  AUTHOR =       {M. Sariyar and A. Borg and K. Pommerening},
  TITLE =        {{Active Learning Strategies for the Deduplication of Electronic Patient Data Using Classification Trees}},
  JOURNAL =      {Journal of Biomedical Informatics},
  YEAR =         {2012},
  NUMBER = 	 {5},
  VOLUME =	 {45},
  PAGES =	 {893--900},
  MONTH =	 {October},
}
@ARTICLE{NowickiSnijders01,
  AUTHOR =       {Krzysztof Nowicki and Tom A. B. Snijders},
  TITLE =        {{Estimation and Prediction for Stochastic Blockstructures}},
  JOURNAL =      {Journal of the American Statistical Association },
  YEAR =         {2001},
  NUMBER = 	 {455},
  VOLUME =	 {96},
  PAGES =	 {1077--1087},
  MONTH =	 {September},
}
@article{Hollandetal83,
    author = {Holland, Paul W. and Laskey, Kathryn B. and Leinhardt, Samuel},
    journal = {Social Networks},
    month = jun,
    number = {2},
    pages = {109--137},
    priority = {4},
    title = {{Stochastic Blockmodels: First Steps}},
    url = {http://dx.doi.org/10.1016/0378-8733(83)90021-7},
    volume = {5},
    year = {1983}
}
@MISC{DataAnnexElSalvador,
  AUTHOR =       {{Mason, T. David and Hamner, Jesse  and Phillips, Mark Edward}},
  TITLE =        {{ Data Annex to the United Nations Truth Commission on the civil war in El Salvador from 1979--1991 (digitized text)}},
  howpublished = {UNT Digital Library. http://digital.library.unt.edu/ark:/67531/metadc268920/ [Accessed January 24, 2014]},
  YEAR =         {2013},
  MONTH =	 {},
  note = {}
}
@INCOLLECTION{Ball00ElSalvador,
  AUTHOR =       {Patrick Ball},
  BOOKTITLE =        {{Making the Case: Investigating Large Scale Human Rights Violations Using Information Systems and Data Analysis}},
  TITLE = {{The Salvadoran Human Rights Commission: Data Processing, Data Representation, and Generating Analytical Reports}},
  YEAR =         {2000},
  EDITOR =      { Patrick Ball and Herbert F. Spirer and Louise Spirer},
  ADDRESS =      {},
  PUBLISHER =    {American Association for the Advancement of Science},
}
@ARTICLE{Howland08,
  AUTHOR =       {Todd Howland},
  TITLE =        {{How El Rescate, a Small Nongovernmental Organization, Contributed to the Transformation of the Human Rights Situation in El Salvador}},
  JOURNAL =      {Human Rights Quarterly},
  YEAR =         {2008},
  NUMBER = 	 {3},
  VOLUME =	 {30},
  PAGES =	 {703--757},
  MONTH =	 {August},
}
@article{Buergenthal94,
  title={{The United Nations Truth Commission for El Salvador}},
  author={Buergenthal, Thomas},
  journal ={Vanderbilt Journal of Transnational Law},
  pages={497--544},
  year={1994},
  NUMBER = 	 {3},
  VOLUME =	 {27},
}
@Article{CODA,
  title = {{CODA: Convergence Diagnosis and Output Analysis for MCMC}},
  author = {Martyn Plummer and Nicky Best and Kate Cowles and Karen
    Vines},
  journal = {R News},
  year = {2006},
  volume = {6},
  number = {1},
  pages = {7--11},
  url = {http://CRAN.R-project.org/doc/Rnews/},
  pdf = {http://CRAN.R-project.org/doc/Rnews/Rnews_2006-1.pdf},
}
@Article{igraph,
  title = {{The igraph Software Package for Complex Network Research}},
  author = {Gabor Csardi and Tamas Nepusz},
  journal = {InterJournal},
  volume = {Complex Systems},
  pages = {1695},
  year = {2006},
  url = {http://igraph.org},
}
@article{Choietal12,
  author = {Choi, D. S. and Wolfe, P. J. and Airoldi, E. M.},
  title = {{Stochastic Blockmodels with a Growing Number of Classes}},
  year = {2012},
  journal = {Biometrika},
  NUMBER = 	 {2},
  VOLUME =	 {99},
  PAGES =	 {273--284},
  MONTH =	 {June},
}
@ARTICLE{FernandezGarcia03,
  AUTHOR =       {Esteve Fern\'andez and Ana M. Garc\'ia},
  TITLE =        {{Accuracy of Referencing of Spanish Names in Medline}},
  JOURNAL =      {The Lancet},
  YEAR =         {2003},
  NUMBER = 	 {9354},
  VOLUME =	 {361},
  PAGES =	 {351--352},
  MONTH =	 {Jan},
}
@ARTICLE{RuizPerezetal02,
  AUTHOR =       {R. Ruiz-P\'erez and E. Delgado L\'opez-C\'ozar and E. Jim\'enez-Contreras},
  TITLE =        {{Spanish Personal Name Variations in National and International Biomedical Databases: Implications for Information Retrieval and Bibliometric Studies}},
  JOURNAL =      {Journal of the Medical Library Association},
  YEAR =         {2002},
  NUMBER = 	 {4},
  VOLUME =	 {90},
  PAGES =	 {411--430},
  MONTH =	 {Oct},
}
@ARTICLE{WestWinkler91,
  AUTHOR =       {Mike West and Robert L. Winkler},
  TITLE =        {{Data Base Error Trapping and Prediction}},
  JOURNAL =      {Journal of the American Statistical Association },
  YEAR =         {1991},
  NUMBER = 	 {416},
  VOLUME =	 {86},
  PAGES =	 {987--996},
  MONTH =	 {Dec},
}
@ARTICLE{Strayhorn90,
  AUTHOR =       {Joseph M. Strayhorn},
  TITLE =        {{Estimating the Errors Remaining in a Data Set: Techniques for Quality Control}},
  JOURNAL =      {The American Statistician},
  YEAR =         {1990},
  NUMBER = 	 {1},
  VOLUME =	 {44},
  PAGES =	 {14--18},
  MONTH =	 {Feb},
}
@ARTICLE{Newcombeetal92,
  AUTHOR =       {Howard B. Newcombe and Martha E. Fair and Pierre Lalonde},
  TITLE =        {{The Use of Names for Linking Personal Records}},
  JOURNAL =      {Journal of the American Statistical Association },
  YEAR =         {1992},
  NUMBER = 	 {420},
  VOLUME =	 {87},
  PAGES =	 {1193--1204},
  MONTH =	 {Dec},
}
@article{Newcombeetal83,
 author = {Newcombe, H. B. and Smith, M. E. and Howe, G. R. and Mingay, J. and Strugnell, A. and Abbatt, J. D.},
 title = {Reliability of Computerized Versus Manual Death Searches in a Study of the Health of Eldorado Uranium Workers},
 journal = {Computers in Biology and Medicine},
 volume = {13},
 number = {3},
 month = {jan},
 year = {1983},
 pages = {157--169}
}
@INPROCEEDINGS{Fay04,
  AUTHOR =       {Robert E. Fay},
  TITLE =        {{An Analysis of Person Duplication in Census 2000}},
  BOOKTITLE =    {Proc. Sec. on Survey Research Methods},
  YEAR =         {2004},
  ORGANIZATION = {ASA},
  PAGES =	 {3478--3485},
  MONTH =	 {},
}
@INPROCEEDINGS{Marshall08,
  AUTHOR =       {Leah Marshall},
  TITLE =        {{Potential Duplicates in the Census: Methodology and Selection of Cases for Followup}},
  BOOKTITLE =    {Proc. Sec. on Survey Research Methods},
  YEAR =         {2008},
  ORGANIZATION = {ASA},
  PAGES =	 {4237--4244},
  MONTH =	 {},
}

@ARTICLE{LumPriceBanks13,
  AUTHOR =       {Kristian Lum and Megan Emily Price and David Banks},
  TITLE =        {{Applications of Multiple Systems Estimation in Human Rights Research}},
  JOURNAL =      {The American Statistician},
  YEAR =         {2013},
  NUMBER = 	 {4},
  VOLUME =	 {67},
  PAGES =	 {191--200},
  MONTH =	 {Nov},
}

@Manual{R13,
  title = {R: A Language and Environment for Statistical Computing},
  author = {{R Core Team}},
  organization = {R Foundation for Statistical Computing},
  address = {Vienna, Austria},
  year = {2013},
  url = {http://www.R-project.org/},
}
@INPROCEEDINGS{Larsen02,
  AUTHOR =       {Michael D. Larsen},
  TITLE =        {{Comments on Hierarchical Bayesian Record Linkage}},
  BOOKTITLE =    {Proceedings of the Joint Statistical Meetings, Section on Survey Research Methods},
  YEAR =         {2002},
  ORGANIZATION = {The American Statistical Association},
  PAGES =	 {1995--2000},
  MONTH =	 {},
}
@INPROCEEDINGS{Larsen05,
  AUTHOR =       {Michael D. Larsen},
  TITLE =        {{Advances in Record Linkage Theory: Hierarchical Bayesian Record Linkage Theory}},
  BOOKTITLE =    {Proceedings of the Joint Statistical Meetings, Section on Survey Research Methods},
  YEAR =         {2005},
  ORGANIZATION = {The American Statistical Association},
  PAGES =	 {3277--3284},
  MONTH =	 {},
}
@MISC{Larsen12,
  AUTHOR =       {Michael D. Larsen},
  TITLE =        {{An Experiment with Hierarchical Bayesian Record Linkage}},
  HOWPUBLISHED =      {Preprint in arXiv: http://arxiv.org/abs/1212.5203},
  YEAR =         {2012},
  MONTH =	 {},
}
@MISC{Steortsetal13,
  AUTHOR =       {Rebecca C. Steorts and Rob Hall and Stephen E. Fienberg},
  TITLE =        {{A Bayesian Approach to Graphical Record Linkage and Deduplication}},
  HOWPUBLISHED =      {Preprint in arXiv: http://arxiv.org/abs/1312.4645},
  YEAR =         {2013},
  MONTH =	 {},
}
@MISC{Steorts15,
  AUTHOR =       {Rebecca C. Steorts},
  TITLE =        {{Entity Resolution with Empirically Motivated Priors}},
  HOWPUBLISHED =      {Preprint in arXiv: http://arxiv.org/abs/1409.0643},
  YEAR =         {2015},
  MONTH =	 {},
}
@INPROCEEDINGS{Fortinietal02,
  AUTHOR =       {Fortini, M. and Nuccitelli, A. and Liseo, B. and Scanu, M},
  TITLE =        {{Modeling Issues in Record Linkage: A Bayesian Perspective}},
  BOOKTITLE =    {Proc. Sec. on Survey Research Methods},
  YEAR =         {2002},
  ORGANIZATION = {ASA},
  PAGES =	 {1008--1013},
  MONTH =	 {},
 summary = {proposes a model for record linkage with normal fields.  Doesn't use comparison data, models directly the fields, but assumes a specific normal model with normal errors.  Outlines ideas for categories.}
}
@ARTICLE{Fortinietal01,
  AUTHOR =       {Fortini, M. and Liseo, B. and Nuccitelli, A. and Scanu, M.},
  TITLE =        {{On Bayesian Record Linkage}},
  JOURNAL =      {Research in Official Statistics},
  YEAR =         {2001},
  NUMBER = 	 {1},
  VOLUME =	 {4},
  PAGES =	 {185--198},
  MONTH =	 {},
}
@MISC{SadinleAOASSupplement,
  AUTHOR =       {Mauricio Sadinle},
  TITLE =        {{Supplement to ``Detecting duplicates in a homicide registry using a Bayesian partitioning approach''}},
  HOWPUBLISHED =      {DOI:},
  YEAR =         {201?},
  MONTH =	 {},
}
@ARTICLE{Sarndal64,
  AUTHOR =       {Carl-Erik S\"arndal},
  TITLE =        {{A Unified Derivation of Some Nonparametric Distributions}},
  JOURNAL =      {Journal of the American Statistical Association },
  YEAR =         {1964},
  NUMBER = 	 {308},
  VOLUME =	 {59},
  PAGES =	 {1042--1053},
  MONTH =	 {December},
}
@INPROCEEDINGS{Winkler89Frequencies,
  AUTHOR =       {Winkler, W. E.},
  TITLE =        {{Frequency-Based Matching in the Fellegi-Sunter Model of Record Linkage}},
  BOOKTITLE =    {Proc. Sec. on Survey Research Methods},
  YEAR =         {1989},
  ORGANIZATION = {ASA},
  PAGES =	 {778--783},
  MONTH =	 {},
}
@INPROCEEDINGS{ICFES12,
  AUTHOR =       {ICFES},
  TITLE =        {{Metodolog\'ia del Cruce de Bases ICFES - MEN}},
  BOOKTITLE =    {},
  YEAR =         {2012},
  ORGANIZATION = {ICFES -- Instituto Colombiano para la Evaluaci\'on de la Educaci\'on},
  PAGES =	 {},
  MONTH =	 {},
}
@ARTICLE{Sadinle14,
  AUTHOR =       {Mauricio Sadinle},
  TITLE =        {{Detecting Duplicates in a Homicide Registry Using a Bayesian Partitioning Approach}},
  JOURNAL =      {Annals of Applied Statistics},
  YEAR =         {2014},
  NUMBER = 	 {4},
  VOLUME =	 {8},
  PAGES =	 {2404--2434},
  MONTH =	 {},
}
@BOOK{PapadimitriouSteiglitz82,
  AUTHOR =       {Christos H. Papadimitriou and Kenneth Steiglitz},
  TITLE =        {{Combinatorial Optimization: Algorithms and Complexity}},
  PUBLISHER =    {Prentice-Hall},
  YEAR =         {1982},
  EDITION =      {},
  ADDRESS =      {New Jersey}
}
@BOOK{LovaszPlummer86,
  AUTHOR =       {L. Lov\'asz and M. D. Plummer},
  TITLE =        {{Matching Theory}},
  PUBLISHER =    {North-Holland},
  YEAR =         {1986},
  EDITION =      {},
  ADDRESS =      {Amsterdam}
}
@BOOK{Berge89,
  AUTHOR =       {Claude Berge},
  TITLE =        {{Hypergraphs: Combinatorics of Finite Sets}},
  PUBLISHER =    {North-Holland},
  YEAR =         {1989},
  EDITION =      {},
  ADDRESS =      {Amsterdam}
}
@INPROCEEDINGS{Winkler02,
  AUTHOR =       {Winkler, W. E.},
  TITLE =        {{Methods for Record Linkage and Bayesian Networks}},
  BOOKTITLE =    {Proc. Sec. on Survey Research Methods},
  YEAR =         {2002},
  ORGANIZATION = {ASA},
  PAGES =	 {3743--3748},
  MONTH =	 {},
}
@BOOK{BernardoSmith94,
  AUTHOR =       {Jos\'e  M.  Bernardo and Adrian  F.  M.  Smith},
  TITLE =        {{Bayesian Theory}},
  PUBLISHER =    {Wiley},
  YEAR =         {1994},
  EDITION =      {},
  ADDRESS =      {}
}
@BOOK{Berger85,
  AUTHOR =       {James  O.  Berger},
  TITLE =        {{Statistical Decision Theory and Bayesian Analysis}},
  PUBLISHER =    {Springer},
  YEAR =         {1985},
  EDITION =      {2},
  ADDRESS =      {},
  EDITION =      {Second},
}
@ARTICLE{Hu14,
  author={Bao-Gang Hu},
  journal={Neural Networks and Learning Systems, IEEE Transactions on},
  title={{What Are the Differences Between Bayesian Classifiers and Mutual-Information Classifiers?}},
  year={2014},
  month={Feb},
  volume={25},
  number={2},
  pages={249-264}
}
@ARTICLE{Little12,
  AUTHOR =       {Roderick J. Little},
  TITLE =        {{Calibrated Bayes, an Alternative Inferential Paradigm for Official Statistics}},
  JOURNAL =      {Journal of Official Statistics},
  YEAR =         {2012},
  NUMBER = 	 {3},
  VOLUME =	 {28},
  PAGES =	 {309--334},
  MONTH =	 {},
}
@ARTICLE{LiseoTancredi11,
  title={Bayesian estimation of population size via linkage of multivariate Normal data sets},
  author={Liseo, Brunero and Tancredi, Andrea},
  journal={Journal of Official Statistics},
  volume={27},
  number={3},
  pages={491},
  year={2011}
}
@ARTICLE{DawidLauritzen93,
  AUTHOR =       {A. P. Dawid and S. L. Lauritzen},
  TITLE =        {{Hyper Markov Laws in the Statistical Analysis of Decomposable Graphical Models}},
  JOURNAL =      {Annals of Statistics},
  YEAR =         {1993},
  NUMBER = 	 {3},
  VOLUME =	 {21},
  PAGES =	 {1272--1317},
  MONTH =	 {},
}
@BOOK{Edwards00,
  AUTHOR =       {Edwards, David},
  TITLE =        {{Introduction to Graphical Modelling}},
  PUBLISHER =    {Springer-Verlag},
  YEAR =         {2000},
  EDITION =      {2nd},
  ADDRESS =      {}
}
@BOOK{Lauritzen96,
  AUTHOR =       {Lauritzen, Steffen},
  TITLE =        {{Graphical Models}},
  PUBLISHER =    {Oxford University Press},
  YEAR =         {1996},
  EDITION =      {},
  ADDRESS =      {}
}
@ARTICLE{Meng94,
  AUTHOR =       {Xiao-Li Meng},
  TITLE =        {{Multiple-Imputation Inferences with Uncongenial Sources of Input}},
  JOURNAL =      {Statistical Science},
  YEAR =         {1994},
  NUMBER = 	 {4},
  VOLUME =	 {9},
  PAGES =	 {538--558},
  MONTH =	 {},
}
@ARTICLE{Dunn46,
  AUTHOR =       {Halbert L. Dunn},
  TITLE =        {{Record Linkage}},
  JOURNAL =      {American Journal of Public Health and the Nations Health},
  YEAR =         {1946},
  NUMBER = 	 {12},
  VOLUME =	 {36},
  PAGES =	 {1412--1416},
  MONTH =	 {},
}
@ARTICLE{Tepping68,
  AUTHOR =       {Benjamin J. Tepping},
  TITLE =        {{A Model for Optimum Linkage of Records}},
  JOURNAL =      {Journal of the American Statistical Association },
  YEAR =         {1968},
  NUMBER = 	 {324},
  VOLUME =	 {63},
  PAGES =	 {1321--1332},
  MONTH =	 {},
  keywords = {proposes decision rules based on loss functions for pairs}
}
@ARTICLE{DuBois69,
  AUTHOR =       {Du Bois, Jr., N. S. D'Andrea},
  TITLE =        {{A Solution to the Problem of Linking Multivariate Documents}},
  JOURNAL =      {Journal of the American Statistical Association },
  YEAR =         {1969},
  NUMBER = 	 {325},
  VOLUME =	 {64},
  PAGES =	 {163--174},
  MONTH =	 {},
  keywords = {creates linkage rules based on comparison data and likelihood ratios,
  also proposes to take samples of records from both files to estimate parameters}
}
@article{NewcombeKennedy62,
 author = {Newcombe, Howard B. and Kennedy, James M.},
 title = {{Record Linkage: Making Maximum Use of the Discriminating Power of Identifying Information}},
 journal = {Comm. of the ACM},
 issue_date = {Nov. 1962},
 volume = {5},
 number = {11},
 month = nov,
 year = {1962},
 issn = {0001-0782},
 pages = {563--566},
 numpages = {4},
 url = {http://doi.acm.org/10.1145/368996.369026},
 doi = {10.1145/368996.369026},
 acmid = {369026},
 publisher = {ACM},
 address = {New York, NY, USA},
 journal = {Communications of the ACM},
}
@INPROCEEDINGS{Thibaudeau89,
  AUTHOR =       {Thibaudeau, Yves},
  TITLE =        {{Fitting Log-Linear Models When Some Dichotomous Variables are Unobservable}},
  BOOKTITLE =    {Proc. Sec. on Statistical Computing},
  YEAR =         {1989},
  ORGANIZATION = {ASA},
  PAGES =	 {283--288},
  MONTH =	 {},
}
@PHDTHESIS{Sadinle15,
  AUTHOR =       {Mauricio Sadinle},
  TITLE =        {{A Bayesian Partitioning Approach to Duplicate Detection and Record Linkage}},
  SCHOOL =      {Carnegie Mellon University},
  YEAR =         {2015},
  ADDRESS =   {}
}
@ARTICLE{Fair04,
  AUTHOR =       {Martha Fair},
  TITLE =        {{Generalized Record Linkage System --- Statistics Canada's Record Linkage Software}},
  JOURNAL =      {Austrian Journal of Statistics},
  YEAR =         {2004},
  NUMBER = 	 {1 and 2},
  VOLUME =	 {33},
  PAGES =	 {37--53},
  MONTH =	 {},
}
@TECHREPORT{WagnerLayne14,
  AUTHOR =       {Deborah Wagner and Mary Layne},
  TITLE =        {{The Person Identification Validation System (PVS): Applying the Center for Administrative Records Research and Applications' (CARRA) Record Linkage Software}},
  INSTITUTION =  {U.S. Census Bureau},
  YEAR =         {2014},
  NUMBER = 	 {2014-01},
  TYPE =	 {CARRA Working Paper Series},
  MONTH =	 {},
  URL =          {http://beta.census.gov/srd/carra/CARRA_PVS_Record_Linkage.pdf}
}
@TECHREPORT{GillGoldacre03,
  AUTHOR =       {Gill, L. E. and Goldacre, M. J. },
  TITLE =        {{English National Record Linkage of Hospital Episode Statistics and Death Registration Records: Report to the Department of Health}},
  INSTITUTION =  {National Centre for Health Outcomes Development, Unit of Health-Care Epidemiology, University of Oxford},
  YEAR =         {2003},
  NUMBER = 	 {},
  TYPE =	 {},
  MONTH =	 {},
  URL =         {http://nchod.uhce.ox.ac.uk/NCHOD%20Oxford%20E5%20Report%201st%20Feb_VerAM2.pdf}
}
@TECHREPORT{Singleton13,
  AUTHOR =       {Michael Singleton},
  TITLE =        {{Crash Outcome Data Evaluation System (CODES)}},
  INSTITUTION =  {Kentucky Injury Prevention and Research Center (KIPRC)},
  YEAR =         {2013},
  NUMBER = 	 {},
  TYPE =	 {},
  MONTH =	 {},
  URL =         {http://chfs.ky.gov/nr/rdonlyres/3f3a8820-67aa-40d9-8d14-4dbf787e5582/0/2013drgcodes.pdf}
}
@Misc{CDCLinkPlus,
author =   {{Center for Disease Control and Prevention}},
title =    {{Link Plus}},
howpublished = {http://www.cdc.gov/cancer/npcr/tools/registryplus/lp.htm},
year = {2015}
}
@INCOLLECTION{Jewelletal13,
  AUTHOR =       {Nicholas P. Jewell and Michael Spagat and Britta L. Jewell},
  BOOKTITLE =        {{Counting Civilian Casualties: An Introduction to Recording and Estimating Nonmilitary Deaths in Conflict}},
  TITLE = {{MSE and Casualty Counts: Assumptions, Interpretation, and Challenges}},
  PUBLISHER =    {Oxford University Press},
  YEAR =         {2013},
  EDITOR =      { Taylor B. Seybolt and  Jay D. Aronson and Baruch Fischhoff},
  ADDRESS =      {Oxford, UK},
}
@INPROCEEDINGS{Larsen10,
  AUTHOR =       {Larsen, M. D.},
  TITLE =        {{Record Linkage Modeling in Federal Statistical Databases}},
  BOOKTITLE =    {FCSM Research Conference, Washington, DC},
  YEAR =         {2010},
  ORGANIZATION = {Federal Committee on Statistical Methodology},
  PAGES =	 {},
  MONTH =	 {},
}
@Article{HerbeiW06,
  Title                    = {{Classification with Reject Option}},
  Author                   = {Radu Herbei and Marten H. Wegkamp},
  Journal                  = {Canadian Journal of Statistics},
  Year                     = {2006},
  Pages                    = {709-721},
  Volume                   = {34},
  Number ={4}
}
@TECHREPORT{Winkler06,
  AUTHOR =       {Winkler, W. E.},
  TITLE =        {{Overview of Record Linkage and Current Research Directions}},
  INSTITUTION =  {U.S. Census Bureau},
  YEAR =         {2006},
  NUMBER = 	 {},
  TYPE =	 {Research Report Series},
  MONTH =	 {},
  URL =         {}
}
@inproceedings{Cohenetal03,
  title={A comparison of string metrics for matching names and records},
  author={Cohen, William and Ravikumar, Pradeep and Fienberg, Stephen},
  booktitle={KDD Workshop on Data Cleaning and Object Consolidation},
  volume={3},
  pages={73--78},
  year={2003}
}
@article{ECM,
author = {Meng, Xiao-Li and Rubin, D. B.},
title = {{Maximum Likelihood Estimation via the ECM Algorithm: A General Framework}},
volume = {80},
number = {2},
pages = {267-278},
year = {1993},
journal = {Biometrika}
}

@article{GreenMardia06,
author = {Green, Peter J. and Mardia, Kanti V.},
title = {{Bayesian Alignment Using Hierarchical Models, with Applications in Protein Bioinformatics}},
volume = {93},
number = {2},
pages = {235--254},
year = {2006},
journal = {Biometrika}
}


