@article{fienberg1999classical,
  title={Classical multilevel and Bayesian approaches to population size estimation using multiple lists},
  author={Fienberg, Stephen E and Johnson, Matthew S and Junker, Brian W},
  journal={Journal of the Royal Statistical Society: Series A (Statistics in Society)},
  volume={162},
  number={3},
  pages={383--405},
  year={1999},
  publisher={Wiley Online Library}
}

@article{king2001bayesian,
  title={On the Bayesian analysis of population size},
  author={King, Ruth and Brooks, SP},
  journal={Biometrika},
  volume={88},
  number={2},
  pages={317--336},
  year={2001},
  publisher={Oxford University Press}
}

@article{king2008bayesian,
  title={On the Bayesian estimation of a closed population size in the presence of heterogeneity and model uncertainty},
  author={King, R and Brooks, SP},
  journal={Biometrics},
  volume={64},
  number={3},
  pages={816--824},
  year={2008},
  publisher={Wiley Online Library}
}

@article{arnold2010capture,
  title={Capture--recapture estimation using finite mixtures of arbitrary dimension},
  author={Arnold, Richard and Hayakawa, Yu and Yip, Paul},
  journal={Biometrics},
  volume={66},
  number={2},
  pages={644--655},
  year={2010},
  publisher={Wiley Online Library}
}

@article{norris1996nonparametric,
  title={Nonparametric MLE under two closed capture-recapture models with heterogeneity},
  author={Norris III, James L and Pollock, Kenneth H},
  journal={Biometrics},
  pages={639--649},
  year={1996},
  publisher={JSTOR}
}

@article{manrique2016bayesian,
  title={Bayesian population size estimation using Dirichlet process mixtures},
  author={Manrique-Vallier, Daniel},
  journal={Biometrics},
  volume={72},
  number={4},
  pages={1246--1254},
  year={2016},
  publisher={Wiley Online Library}
}

@article{fienberg1972multiple,
  title={The multiple recapture census for closed populations and incomplete 2k contingency tables},
  author={Fienberg, Stephen E},
  journal={Biometrika},
  volume={59},
  number={3},
  pages={591--603},
  year={1972},
  publisher={Oxford University Press}
}
@article{vermunt2008multiple,
  title={Multiple imputation of incomplete categorical data using latent class analysis},
  author={Vermunt, Jeroen K and Van Ginkel, Joost R and Der Ark, Van and Andries, L and Sijtsma, Klaas},
  journal={Sociological Methodology},
  volume={38},
  number={1},
  pages={369--397},
  year={2008},
  publisher={Wiley Online Library}
}

@article{dunson2009nonparametric,
  title={Nonparametric Bayes modeling of multivariate categorical data},
  author={Dunson, David B and Xing, Chuanhua},
  journal={Journal of the American Statistical Association},
  volume={104},
  number={487},
  pages={1042--1051},
  year={2009},
  publisher={Taylor \& Francis}
}