@Book{christen12data,
  author =       {P. Christen},
  title =        {Data Matching: Concepts and Techniques for Record Linkage, Entity Resolution, and Duplicate Detection},
  publisher =    {Springer},
  year =         {2012},
  OPTkey =       {},
  OPTvolume =    {},
  OPTnumber =    {},
  OPTseries =    {},
  OPTaddress =   {},
  OPTedition =   {},
  OPTmonth =     {},
  OPTnote =      {},
  OPTannote =    {}
}

@Article{christen12survey,
  author =       {P. Christen},
  title =        {A Survey of Indexing Techniques for Scalable Record Linkage and Deduplication},
  journal =      {IEEE Transactions on Knowledge and Data Engineering},
  year =         {2012},
  OPTkey =       {},
  volume =       {24},
  number =       {9},
  OPTpages =     {},
  OPTmonth =     {},
  OPTnote =      {},
  OPTannote =    {}
}

@TechReport{winkler06overview,
  author =       {W.~E. Winkler},
  title =        {Overview of Record Linkage and Current Research Directions},
  institution =  {U.S. Bureau of the Census Statistical Research Division},
  year =         {2006},
  OPTkey =       {},
  OPTtype =      {},
  OPTnumber =    {},
  OPTaddress =   {},
  OPTmonth =     {},
  OPTnote =      {},
  OPTannote =    {}
}

@article{broderick2014variational,
  title={Variational {B}ayes for Merging Noisy Databases},
  author={Broderick, Tamara and Steorts, Rebecca C},
  journal={arXiv preprint arXiv:1410.4792},
  year={2014}
}

@article{ghosh_2013,
  title={Two-stage benchmarking as applied to small area estimation},
  author={Ghosh, Malay and Steorts, Rebecca C},
  journal={Test},
  volume={22},
  number={4},
  pages={670--687},
  year={2013},
  publisher={Springer}
}

@article{fienberg2014discussion,
  title={Discussion of ?Estimating the Distribution of Dietary Consumption Patterns?},
  author={Fienberg, Stephen E and Steorts, Rebecca C and others},
  journal={Statistical Science},
  volume={29},
  number={1},
  pages={95--96},
  year={2014},
  publisher={Institute of Mathematical Statistics}
}

@article{steorts2014discussion,
  title={Discussion of" Single and Two-Stage Cross-Sectional and Time Series Benchmarking Procedures for SAE"},
  author={Steorts, Rebecca C and Ugarte, M Delores},
  journal={arXiv preprint arXiv:1405.6416},
  year={2014}
}


@article{wehbe2015regularized,
  title={Regularized brain reading with shrinkage and smoothing},
  author={Wehbe, Leila and Ramdas, Aaditya and Steorts, Rebecca C and Shalizi, Cosma Rohilla and others},
  journal={The Annals of Applied Statistics},
  volume={9},
  number={4},
  pages={1997--2022},
  year={2015},
  publisher={Institute of Mathematical Statistics}
}

@article{Steorts_2013,
title={{On estimation of mean squared errors of benchmarked
empirical Bayes estimators }},
author={Steorts, R. and Ghosh, M.},
journal={Statistica Sinica},
volume={23},
number={2},
year={2013},
}

@Article{richardson97bayesian,
  author =       {S. Richardson and P.~J. Green},
  title =        {On {B}ayesian Analysis of Mixtures with an Unknown Number of Components},
  journal =      {Journal of the Royal Statistical Society Series B},
  year =         {1997},
  OPTkey =       {},
  OPTvolume =    {},
  OPTnumber =    {},
  pages =        {731--792},
  OPTmonth =     {},
  OPTnote =      {},
  OPTannote =    {}
}

@Unpublished{miller15mixture,
  author =       {J.~W. Miller and M.~T. Harrison},
  title =        {Mixture Models with a Prior on the Number of Components},
  note =         {arXiv:1502.06241},
  OPTkey =       {},
  OPTmonth =     {},
  year =         {2015},
  OPTannote =    {}
}

@Article{sethuraman94constructive,
  author =       {J. Sethuraman},
  title =        {A Constructive Definition of {D}irichlet Priors},
  journal =      {Statistica Sinica},
  year =         {1994},
  OPTkey =       {},
  volume =       {4},
  OPTnumber =    {},
  pages =        {639--650},
  OPTmonth =     {},
  OPTnote =      {},
  OPTannote =    {}
}

@Article{ishwaran03generalized,
  author =       {H. Ishwaran and L.~F. James},
  title =        {Generalized Weighted {C}hinese Restaurant Processes for Species Sampling Mixture Models},
  journal =      {Statistica Sinica},
  year =         {2003},
  OPTkey =       {},
  volume =       {13},
  number =       {4},
  pages =        {1211--1236},
  OPTmonth =     {},
  OPTnote =      {},
  OPTannote =    {}
}

@Article{kingman78representation,
  author =       {J.~F.~.C Kingman},
  title =        {The Representation of Partition Structures},
  journal =      {Journal of the London Mathematical Society},
  year =         {1978},
  OPTkey =       {},
  volume =       {2},
  number =       {2},
  pages =        {374--380},
  OPTmonth =     {},
  OPTnote =      {},
  OPTannote =    {}
}

@Article{aldous85exchangeability,
  author =       {D. Aldous},
  title =        {Exchangeability and Related Topics},
  journal =      {{\'E}cole d'{\'E}t{\'e} de Probabilit{\'e}s de Saint-Flour XIII---1983},
  year =         {1985},
  OPTkey =       {},
  OPTvolume =    {},
  OPTnumber =    {},
  pages =        {1--198},
  OPTmonth =     {},
  OPTnote =      {},
  OPTannote =    {}
}

@InProceedings{wallach10alternative,
  author =       {H.~M. Wallach and S. Jensen and L. Dicker and K.~A. Heller},
  title =        {An alternative prior process for nonparametric {B}ayesian clustering},
  OPTcrossref =  {},
  OPTkey =       {},
  booktitle =    {Proceedings of the 13$^{\textrm{th}}$ International Conference on Artificial Intelligence and Statistics},
  year =         {2010},
  OPTeditor =    {},
  OPTvolume =    {},
  OPTnumber =    {},
  OPTseries =    {},
  OPTpages =     {},
  OPTmonth =     {},
  OPTaddress =   {},
  OPTorganization = {},
  OPTpublisher = {},
  OPTnote =      {},
  OPTannote =    {}
}

@Article{jain04split--merge,
  author =       {S. Jain and R. Neal},
  title =        {A Split--Merge {M}arkov Chain {M}onte {C}arlo Procedure for the {D}irichlet Process Mixture Model},
  journal =      {Journal of Computational and Graphical Statistics},
  year =         {2004},
  OPTkey =       {},
  volume =       {13},
  OPTnumber =    {},
  pages =        {158--182},
  OPTmonth =     {},
  OPTnote =      {},
  OPTannote =    {}
}

@Article{tierney94markov,
  author =       {L. Tierney},
  title =        {Markov Chains for Exploring Posterior Distributions},
  journal =      {The Annals of Statistics},
  year =         {1994},
  OPTkey =       {},
  OPTvolume =    {},
  OPTnumber =    {},
  pages =        {1701--1728},
  OPTmonth =     {},
  OPTnote =      {},
  OPTannote =    {}
}

@article{zanella14bayesian,
  title={{B}ayesian complementary clustering, {MCMC} and {A}nglo-{S}axon placenames},
  author={Zanella, Giacomo},
  journal={arXiv preprint arXiv:1409.6994},
  year={2014}
}

@techreport{hall2012,
  title={Bayesian parametric and nonparametric inference for multiple record linkage},
  author={Hall, Rob and Steorts, Rebecca C and Fienberg, Stephen E},
  year={2012},
  journal={"Modern Nonparametric Methods in Machine Learning Workshop", NIPS Workshops}
}

@inproceedings{steorts14comparison,
  title={A comparison of blocking methods for record linkage},
  author={Steorts, Rebecca C and Ventura, Samuel L and Sadinle, Mauricio and Fienberg, Stephen E},
  booktitle={Privacy in Statistical Databases},
  pages={253--268},
  year={2014},
  organization={Springer}
}


@article{banerjee2005,
  title={Clustering with Bregman divergences},
  author={Banerjee, Arindam and Merugu, Srujana and Dhillon, Inderjit S and Ghosh, Joydeep},
  journal={The Journal of Machine Learning Research},
  volume={6},
  pages={1705--1749},
  year={2005},
  publisher={JMLR. org}
}

@article{donoho2006,
  title={Compressed sensing},
  author={Donoho, David L},
  journal={Information Theory, IEEE Transactions on},
  volume={52},
  number={4},
  pages={1289--1306},
  year={2006},
  publisher={IEEE}
}

@Book{christen_2011,
  author =       {P. Christen},
  title =        {Data Matching: Concepts and Techniques for Record Linkage, Entity Resolution, and Duplicate Detection},
  publisher =    {Springer},
  year =         {2012},
  OPTkey =       {},
  OPTvolume =    {},
  OPTnumber =    {},
  OPTseries =    {},
  OPTaddress =   {},
  OPTedition =   {},
  OPTmonth =     {},
  OPTnote =      {},
  OPTannote =    {}
}

@inproceedings{steorts2014comparison,
  title={A comparison of blocking methods for record linkage},
  author={Steorts, Rebecca C and Ventura, Samuel L and Sadinle, Mauricio and Fienberg, Stephen E},
  booktitle={International Conference on Privacy in Statistical Databases},
  pages={253--268},
  year={2014},
  organization={Springer}
}


@article{kullback_1951,
  title={On information and sufficiency},
  author={Kullback, Solomon and Leibler, Richard A},
  journal={The Annals of Mathematical Statistics},
  volume={22},
  number={1},
  pages={79--86},
  year={1951},
  publisher={JSTOR}
}


@article{sadinle_2014,
  title={Detecting duplicates in a homicide registry using a {B}ayesian partitioning approach},
  author={Sadinle, Mauricio},
  journal={The Annals of Applied Statistics},
  volume={8},
  number={4},
  pages={2404--2434},
  year={2014},
  publisher={Institute of Mathematical Statistics}
}

@article{prelov2008,
  title={Mutual information, variation, and Fano's inequality},
  author={Prelov, Vyacheslav Valer'evich and van der Meulen, Edward C.},
  journal={Problems of Information Transmission},
  volume={44},
  number={3},
  pages={185--197},
  year={2008},
  publisher={Springer}
}


@inproceedings{zanella2016microclustering,
  title={Flexible Models for Microclustering with Application to Entity Resolution},
  author={Zanella, Giacomo and Betancourt, Brenda and Miller, Jeffrey W and Wallach, Hanna and Zaidi, Abbas and Steorts, Rebecca},
  booktitle={Advances in Neural Information Processing Systems},
  pages={1417--1425},
  year={2016}
}


@inproceedings{broderick_2014,
  title={Variational Bayes for Merging Noisy Databases},
  author={Broderick, Tamara and Steorts, R.C.},
  journal={Advances in Variational Inference
NIPS 2014 Workshop},
  year={2014},
}

@article{shannon1948,
  title={A note on the concept of entropy},
  author={Shannon, Claude E},
  journal={Bell System Tech. J},
  volume={27},
  pages={379--423},
  year={1948}
}

@article{berend_2014,
  title={Minimum {KL}-divergence on complements of $L\_1$ balls},
  author={Berend, Daniel and Harremo{\"e}s, Peter and Kontorovich, Aryeh},
  journal={IEEE Transactions on Information Theory},
  volume={60},
  number={6},
  pages={3172--3177},
  year={2014},
  publisher={IEEE}
}

@PHDTHESIS{matsakis_10,
 AUTHOR =       {Nicholas Elias Matsakis},
 TITLE =        {{Active Duplicate Detection with Bayesian Nonparametric
Models}},
 SCHOOL =      {Massachusetts Institute of Technology},
 YEAR =         {2010},
 ADDRESS =   {}
}

@BOOK{pitman,
  title={Combinatorial Stochastic Processes: Ecole D'Et{\'e} de Probabilit{\'e}s de Saint-Flour XXXII-2002},
  author={Pitman, Jim},
  pages = {25--26},
  year={2006},
  publisher={Springer}
}

@BOOK{dwork2014algorithmic,
  title={The Algorithmic Foundations of Differential Privacy},
  author={Dwork, Cynthia and Roth, Aaron},
  journal={Foundations and Trends in Theoretical Computer Science},
  year={2014},
  publisher={Foundations and Trends in Theoretical Computer Science}
}

@Article{kolchin71problem,
  author =       {V.~F. Kolchin},
  title =        {A Problem of the Allocation of Particles in Cells and Cycles of Random Permutations},
  journal =      {Theory of Probability \& Its Applications},
  year =         {1971},
  OPTkey =       {},
  volume =       {16},
  number =       {1},
  pages =        {74--90},
  OPTmonth =     {},
  OPTnote =      {},
  OPTannote =    {}
}

@Article{pitman06combinatorial,
  author =       {J. Pitman},
  title =        {Combinatorial Stochastic Processes},
  journal =      {{\'E}cole d'{\'E}t{\'e} de Probabilit{\'e}s de Saint-Flour XXXII---2002},
  year =         {2006},
  OPTkey =       {},
  OPTvolume =    {},
  OPTnumber =    {},
  OPTpages =     {},
  OPTmonth =     {},
  OPTnote =      {},
  OPTannote =    {}
}

@article{johndrow2016estimating,
  title={Estimating the observable population size from biased samples: a new approach to population estimation with capture heterogeneity},
  author={Johndrow, James E and Lum, Kristian and Manrique-Vallier, Daniel},
  journal={arXiv preprint arXiv:1606.02235},
  year={2016}
}

@Book{christen12data,
  author =       {P. Christen},
  title =        {Data Matching: Concepts and Techniques for Record Linkage, Entity Resolution, and Duplicate Detection},
  publisher =    {Springer},
  year =         {2012},
  OPTkey =       {},
  OPTvolume =    {},
  OPTnumber =    {},
  OPTseries =    {},
  OPTaddress =   {},
  OPTedition =   {},
  OPTmonth =     {},
  OPTnote =      {},
  OPTannote =    {}
}

@Article{christensurvey,
  author =       {P. Christen},
  title =        {A Survey of Indexing Techniques for Scalable Record Linkage and Deduplication},
  journal =      {IEEE Transactions on Knowledge and Data Engineering},
  year =         {2012},
  OPTkey =       {},
  volume =       {24},
  number =       {9},
  OPTpages =     {1537--1555},
  OPTmonth =     {},
  OPTnote =      {},
  OPTannote =    {}
}

@TechReport{winkler06overview,
  author =       {Winkler, William},
  title =        {Overview of Record Linkage and Current Research Directions},
  institution =  {U.S. Bureau of the Census Statistical Research Division},
  year =         {2006},
  OPTkey =       {},
  OPTtype =      {},
  OPTnumber =    {},
  OPTaddress =   {},
  OPTmonth =     {},
  OPTnote =      {},
  OPTannote =    {}
}

@article{broderick2014variational,
  title={Variational {B}ayes for Merging Noisy Databases},
  author={Broderick, Tamara and Steorts, Rebecca C},
  journal={arXiv preprint arXiv:1410.4792},
  year={2014}
}

@article{ghosh_2013,
  title={Two-stage benchmarking as applied to small area estimation},
  author={Ghosh, Malay and Steorts, Rebecca C},
  journal={TEST},
  volume={22},
  number={4},
  pages={670--687},
  year={2013},
  publisher={Springer}
}

@article{fienberg2014discussion,
  title={Discussion of ``{E}stimating the Distribution of Dietary Consumption Patterns"},
  author={Fienberg, Stephen E and Steorts, Rebecca C.},
  journal={Statistical Science},
  volume={29},
  number={1},
  pages={95--96},
  year={2014},
  publisher={Institute of Mathematical Statistics}
}

@article{steorts2014discussion,
  title={Comments on:``{S}ingle and two-stage cross-sectional and time series benchmarking procedures for small area estimation"},
  author={Steorts, Rebecca C and Ugarte, M Dolores},
  journal={TEST},
  volume={23},
  number={4},
  pages={680--685},
  year={2014},
  publisher={Springer}
}


@article{wehbe2015regularized,
  title={Regularized brain reading with shrinkage and smoothing},
  author={Wehbe, Leila and Ramdas, Aaditya and Steorts, Rebecca C and Shalizi, Cosma Rohilla},
  journal={The Annals of Applied Statistics},
  volume={9},
  number={4},
  pages={1997--2022},
  year={2015},
  publisher={Institute of Mathematical Statistics}
}

@article{Steorts_2013,
title={{On estimation of mean squared errors of benchmarked
empirical {B}ayes estimators }},
author={Steorts, R. and Ghosh, M.},
journal={Statistica Sinica},
volume={23},
number={2},
pages={749--767},
year={2013},
}


@Article{richardson97bayesian,
  author =       {S. Richardson and P.~J. Green},
  title =        {On {B}ayesian Analysis of Mixtures with an Unknown Number of Components},
  journal =      {Journal of the Royal Statistical Society Series B},
  year =         {1997},
  OPTkey =       {},
  OPTvolume =    {},
  OPTnumber =    {},
  pages =        {731--792},
  OPTmonth =     {},
  OPTnote =      {},
  OPTannote =    {}
}

@Unpublished{miller15mixture,
  author =       {J.~W. Miller and M.~T. Harrison},
  title =        {Mixture Models with a Prior on the Number of Components},
  note =         {arXiv:1502.06241},
  OPTkey =       {},
  OPTmonth =     {},
  year =         {2015},
  OPTannote =    {}
}

@Article{sethuraman94constructive,
  author =       {J. Sethuraman},
  title =        {A Constructive Definition of {D}irichlet Priors},
  journal =      {Statistica Sinica},
  year =         {1994},
  OPTkey =       {},
  volume =       {4},
  OPTnumber =    {},
  pages =        {639--650},
  OPTmonth =     {},
  OPTnote =      {},
  OPTannote =    {}
}

@Article{ishwaran03generalized,
  author =       {H. Ishwaran and L.~F. James},
  title =        {Generalized Weighted {C}hinese Restaurant Processes for Species Sampling Mixture Models},
  journal =      {Statistica Sinica},
  year =         {2003},
  OPTkey =       {},
  volume =       {13},
  number =       {4},
  pages =        {1211--1236},
  OPTmonth =     {},
  OPTnote =      {},
  OPTannote =    {}
}

@Article{kingman78representation,
  author =       {J.~F.~.C Kingman},
  title =        {The Representation of Partition Structures},
  journal =      {Journal of the London Mathematical Society},
  year =         {1978},
  OPTkey =       {},
  volume =       {2},
  number =       {2},
  pages =        {374--380},
  OPTmonth =     {},
  OPTnote =      {},
  OPTannote =    {}
}

@Article{aldous85exchangeability,
  author =       {D. Aldous},
  title =        {Exchangeability and Related Topics},
  journal =      {{\'E}cole d'{\'E}t{\'e} de Probabilit{\'e}s de Saint-Flour XIII---1983},
  year =         {1985},
  OPTkey =       {},
  OPTvolume =    {},
  OPTnumber =    {},
  pages =        {1--198},
  OPTmonth =     {},
  OPTnote =      {},
  OPTannote =    {}
}

@InProceedings{wallach10alternative,
  author =       {H.~M. Wallach and S. Jensen and L. Dicker and K.~A. Heller},
  title =        {An alternative prior process for nonparametric {B}ayesian clustering},
  OPTcrossref =  {},
  OPTkey =       {},
  booktitle =    {Proceedings of the 13$^{\textrm{th}}$ International Conference on Artificial Intelligence and Statistics},
  year =         {2010},
  OPTeditor =    {},
  OPTvolume =    {},
  OPTnumber =    {},
  OPTseries =    {},
  OPTpages =     {},
  OPTmonth =     {},
  OPTaddress =   {},
  OPTorganization = {},
  OPTpublisher = {},
  OPTnote =      {},
  OPTannote =    {}
}

@Article{jain04split--merge,
  author =       {S. Jain and R. Neal},
  title =        {A Split--Merge {M}arkov Chain {M}onte {C}arlo Procedure for the {D}irichlet Process Mixture Model},
  journal =      {Journal of Computational and Graphical Statistics},
  year =         {2004},
  OPTkey =       {},
  volume =       {13},
  OPTnumber =    {},
  pages =        {158--182},
  OPTmonth =     {},
  OPTnote =      {},
  OPTannote =    {}
}

@Article{tierney94markov,
  author =       {L. Tierney},
  title =        {Markov Chains for Exploring Posterior Distributions},
  journal =      {The Annals of Statistics},
  year =         {1994},
  OPTkey =       {},
  OPTvolume =    {},
  OPTnumber =    {},
  pages =        {1701--1728},
  OPTmonth =     {},
  OPTnote =      {},
  OPTannote =    {}
}

@article{zanella14bayesian,
  title={{B}ayesian complementary clustering, {MCMC} and {A}nglo-{S}axon placenames},
  author={Zanella, Giacomo},
  journal={arXiv preprint arXiv:1409.6994},
  year={2014}
}

@techreport{hall2012,
  title={Bayesian parametric and nonparametric inference for multiple record linkage},
  author={Hall, Rob and Steorts, Rebecca C and Fienberg, Stephen E},
  year={2012},
  journal={"Modern Nonparametric Methods in Machine Learning Workshop", NIPS Workshops}
}






@inproceedings{steorts14comparison,
  title={A comparison of blocking methods for record linkage},
  author={Steorts, Rebecca C and Ventura, Samuel L and Sadinle, Mauricio and Fienberg, Stephen E},
  booktitle={Privacy in Statistical Databases},
  pages={253--268},
  year={2014},
  organization={Springer}
}

@INPROCEEDINGS{Asheretal03,
  AUTHOR =       {J. Asher and S. E. Fienberg and E. Stuart and A. Zaslavsky},
  TITLE =        {{Inferences for Finite Populations Using Multiple Data Sources with Different Reference Times}},
  BOOKTITLE =    {Proc. of Statistics Canada Symposium 2002: Modelling Survey Data For Social and Economic Research},
  YEAR =         {2003},
  ORGANIZATION = {Statistics Canada},
  PAGES =	 {},
  MONTH =	 {},
}
@INPROCEEDINGS{AsherFienberg01,
  AUTHOR =       {J. Asher and S. E. Fienberg},
  TITLE =        {{Statistical Variations on an Administrative Records Census}},
  BOOKTITLE =    {Proc. Sec. on Government Statistics},
  YEAR =         {2001},
  ORGANIZATION = {ASA},
  PAGES =	 {},
  MONTH =	 {},
}
@ARTICLE{Pierskalla69,
  AUTHOR =       {William P. Pierskalla},
  TITLE =        {{Erratum: The Multidimensional Assignment Problem}},
  JOURNAL =      {Operations Research},
  YEAR =         {1969},
  NUMBER = 	 {2},
  VOLUME =	 {17},
  PAGES =	 {371},
  MONTH =	 {Mar. -- Apr.},
}
@INPROCEEDINGS{Winkler94,
  AUTHOR =       {Winkler, W. E.},
  TITLE =        {{Advanced Methods for Record Linkage}},
  BOOKTITLE =    {Proc. Sec. on Survey Research Methods},
  YEAR =         {1994},
  ORGANIZATION = {ASA},
  PAGES =	 {467--472},
  MONTH =	 {},
}
@ARTICLE{Haley65,
  AUTHOR =       {K. B. Haley},
  TITLE =        {{The Existence of a Solution to the Multi-Index Problem}},
  JOURNAL =      {Operational Research Quarterly},
  YEAR =         {1965},
  NUMBER = 	 {4},
  VOLUME =	 {16},
  PAGES =	 {471--474},
  MONTH =	 {December},
}
@ARTICLE{Pierskalla68,
  AUTHOR =       {William P. Pierskalla},
  TITLE =        {{The Multidimensional Assignment Problem}},
  JOURNAL =      {Operations Research},
  YEAR =         {1968},
  NUMBER = 	 {2},
  VOLUME =	 {16},
  PAGES =	 {422--431},
  MONTH =	 {Mar. -- Apr.},
}
@TECHREPORT{WinklerThibaudeau91,
  AUTHOR =       {Winkler, W. E. and Thibaudeau, Y.},
  TITLE =        {{An Application of the Fellegi-Sunter Model of Record Linkage to the 1990 U.S. Decennial Census}},
  INSTITUTION =  {U.S. Census Bureau},
  YEAR =         {1991},
  NUMBER = 	 {91-9},
  TYPE =	 {Statistical Research Division Technical Report},
  MONTH =	 {},
  URL =          {http://www.census.gov/srd/papers/pdf/rr91-9.pdf}
}
@ARTICLE{Belletal94,
  AUTHOR =       {Robert M. Bell and Joan Keesey and Toni Richards},
  TITLE =        {{The Urge to Merge: Linking Vital Statistics Records and Medicaid Claims}},
  JOURNAL =      {Medical Care},
  YEAR =         {1994},
  NUMBER = 	 {10},
  VOLUME =	 {32},
  PAGES =	 {1004--1018},
  MONTH =	 {October},
}
@BOOK{McLachlanPeel00,
  AUTHOR =       {Geoffrey McLachlan and David Peel},
  TITLE =        {{Finite Mixture Models}},
  PUBLISHER =    {Wiley},
  YEAR =         {2000},
  EDITION =      {},
  ADDRESS =      {New York}
}
@BOOK{Rosen06,
  AUTHOR =       {Kenneth H. Rosen},
  TITLE =        {{Discrete Mathematics and Its Applications}},
  PUBLISHER =    {McGraw-Hill},
  YEAR =         {2006},
  EDITION =      {6th}
}
@BOOK{HerzogScheurenWinkler07,
  AUTHOR =       {Thomas N. Herzog and Fritz J. Scheuren and William E. Winkler},
  TITLE =        {{Data Quality and Record Linkage Techniques}},
  PUBLISHER =    {Springer},
  YEAR =         {2007},
  ADDRESS =      {New York}
}
@ARTICLE{Merayetal07,
  AUTHOR =       {Nora M\'eray and Johannes B. Reitsma and Anita C.J. Ravelli and Gouke J. Bonsel},
  TITLE =        {{Probabilistic Record Linkage is a Valid and Transparent Tool to Combine
Databases Without a Patient Identification Number}},
  JOURNAL =      {Journal of Clinical Epidemiology},
  YEAR =         {2007},
  NUMBER = 	 {9},
  VOLUME =	 {60},
  PAGES =	 {883--891},
  MONTH =	 {},
}
@ARTICLE{LarsenRubin01,
  AUTHOR =       {Michael D. Larsen and Donald B. Rubin},
  TITLE =        {{Iterative Automated Record Linkage Using Mixture Models}},
  JOURNAL =      {Journal of the American Statistical Association },
  YEAR =         {2001},
  NUMBER = 	 {453},
  VOLUME =	 {96},
  PAGES =	 {32--41},
  MONTH =	 {March},
}
@ARTICLE{Jaro89,
  AUTHOR =       {Matthew A. Jaro},
  TITLE =        {{Advances in Record-Linkage Methodology as Applied to Matching the 1985 Census of Tampa, Florida}},
  JOURNAL =      {Journal of the American Statistical Association },
  YEAR =         {1989},
  NUMBER = 	 {406},
  VOLUME =	 {84},
  PAGES =	 {414--420},
  MONTH =	 {June},
}
@INPROCEEDINGS{Winkler88,
  AUTHOR =       {Winkler, W. E.},
  TITLE =        {{Using the EM Algorithm for Weight Computation in the Fellegi-Sunter Model of Record Linkage}},
  BOOKTITLE =    {Proc. Sec. on Survey Research Methods},
  YEAR =         {1988},
  ORGANIZATION = {ASA},
  PAGES =	 {667--671},
  MONTH =	 {},
}
@ARTICLE{DempsterLairdRubin77,
  AUTHOR =       {A. P. Dempster and N. M. Laird and D. B. Rubin},
  TITLE =        {{Maximum Likelihood from Incomplete Data via the EM Algorithm}},
  JOURNAL =      {Journal of the Royal Statistical Society. Series B (Methodological)},
  YEAR =         {1977},
  NUMBER = 	 {1},
  VOLUME =	 {39},
  PAGES =	 {1--38},
  MONTH =	 {},
}
@ARTICLE{Rota64,
  AUTHOR =       {Gian-Carlo Rota},
  TITLE =        {{The Number of Partitions of a Set}},
  JOURNAL =      {The American Mathematical Monthly},
  YEAR =         {1964},
  NUMBER = 	 {5},
  VOLUME =	 {71},
  PAGES =	 {498--504},
  MONTH =	 {May},
}
@ARTICLE{FellegiSunter69,
  AUTHOR =       {Fellegi, Ivan P. and Sunter, Alan B.},
  TITLE =        {{A Theory for Record Linkage}},
  JOURNAL =      {Journal of the American Statistical Association },
  YEAR =         {1969},
  NUMBER = 	 {328},
  VOLUME =	 {64},
  PAGES =	 {1183--1210},
  MONTH =	 {December},
}
@ARTICLE{FienbergManrique09,
  AUTHOR =       {Fienberg, Stephen E. and Manrique-Vallier, Daniel},
  TITLE =        {{Integrated Methodology for Multiple Systems Estimation
and Record Linkage Using a Missing Data Formulation}},
  JOURNAL =      {AStA Advances in Statistical Analysis},
  YEAR =         {2009},
  NUMBER = 	 {1},
  VOLUME =	 {93},
  PAGES =	 {49--60},
  MONTH =	 {March},
}
@BOOK{Bishopetal75,
  AUTHOR =       {Yvonne M. Bishop and Stephen E. Fienberg and Paul W. Holland},
  TITLE =        {{Discrete Multivariate Analysis: Theory and Practice}},
  PUBLISHER = 	 {The MIT Press. Reprinted in 2007 by Springer, New York},
  YEAR =	 {1975}
}
@ARTICLE{Hogan93,
  AUTHOR =       {Howard Hogan},
  TITLE =        {{The 1990 Post-Enumeration Survey: Operations and Results}},
  JOURNAL =      {Journal of the American Statistical Association },
  YEAR =         {1993},
  NUMBER = 	 {423},
  VOLUME =	 {88},
  PAGES =	 {1047--1060},
  MONTH =	 {September},
}
@ARTICLE{Hogan92,
  AUTHOR =       {Howard Hogan},
  TITLE =        {{The 1990 Post-Enumeration Survey: An Overview}},
  JOURNAL =      {The American Statistician},
  YEAR =         {1992},
  NUMBER = 	 {4},
  VOLUME =	 {46},
  PAGES =	 {261--269},
  MONTH =	 {November},
}
@ARTICLE{Breiman94,
  AUTHOR =       {Leo Breiman},
  TITLE =        {{The 1991 Census Adjustment: Undercount or Bad Data?}},
  JOURNAL =      {Statistical Science},
  YEAR =         {1994},
  NUMBER = 	 {4},
  VOLUME =	 {9},
  PAGES =	 {458--475},
  MONTH =	 {November},
}
@ARTICLE{Abenietal94,
  AUTHOR =       {Damiano D. Abeni and Giovanna Brancato and Carlo A. Perucci},
  TITLE =        {{Capture-Recapture to Estimate the Size of the Population with Human Immunodeficiency
Virus Type 1 Infection}},
  JOURNAL =      {Epidemiology},
  YEAR =         {1994},
  NUMBER = 	 {4},
  VOLUME =	 {5},
  PAGES =	 {410--414},
  MONTH =	 {July},
}
@ARTICLE{Faustinietal00,
  AUTHOR =       {A. Faustini and V. Fano and M. Sangalli and S. Ferro and L. Celesti and P. Contegiacomo and V. Renzini and
C. A. Perucci},
  TITLE =        {{Estimating Incidence of Bacterial Meningitis with Capture-Recapture Method, Lazio Region,
Italy}},
  JOURNAL =      {European Journal of Epidemiology},
  YEAR =         {2000},
  NUMBER = 	 {9},
  VOLUME =	 {16},
  PAGES =	 {843--848},
  MONTH =	 {},
}
@Manual{R08,
  title = {R: A Language and Environment for Statistical Computing},
  author = {{R Development Core Team}},
  organization = {R Foundation for Statistical Computing},
  address = {Vienna, Austria},
  year = {2008},
  note = {{ISBN} 3-900051-07-0},
  url = {http://www.R-project.org},
}
@Manual{R10,
    title = {R: A Language and Environment for Statistical Computing},
    author = {{R Development Core Team}},
    organization = {R Foundation for Statistical Computing},
    address = {Vienna, Austria},
    year = {2010},
    note = {{ISBN} 3-900051-07-0},
    url = {http://www.R-project.org},
}

@BOOK{Ripley96,
  AUTHOR =       {B. D. Ripley},
  TITLE =        {{Pattern Recognition and Neural Networks}},
  PUBLISHER =    {Cambridge University Press},
  YEAR =         {1996},
  EDITION =      {},
  ADDRESS =      {}
}

@ARTICLE{LahiriLarsen05,
  AUTHOR =       {P. Lahiri and M. D. Larsen},
  TITLE =        {{Regression Analysis With Linked Data}},
  JOURNAL =      {Journal of the American Statistical Association },
  YEAR =         {2005},
  NUMBER = 	 {469},
  VOLUME =	 {100},
  PAGES =	 {222--230},
  MONTH =	 {March},
}
@INPROCEEDINGS{Winkler93,
  AUTHOR =       {W. E. Winkler},
  TITLE =        {{Improved Decision Rules in the Fellegi-Sunter Model of Record Linkage}},
  BOOKTITLE =    {Proceedings of Survey Research Methods Section},
  YEAR =         {1993},
  ORGANIZATION = {ASA},
  PAGES =	 {274--279},
  MONTH =	 {},
}
@ARTICLE{CopasHilton90,
  AUTHOR =       {J. B. Copas and F. J. Hilton},
  TITLE =        {{Record Linkage: Statistical Models for Matching Computer Records}},
  JOURNAL =      {Journal of the Royal Statistical Society. Series A (Statistics in Society)},
  YEAR =         {1990},
  NUMBER = 	 {3},
  VOLUME =	 {153},
  PAGES =	 {287--320},
  MONTH =	 {},
}
@ARTICLE{TancrediLiseo11,
  AUTHOR =       {Andrea Tancredi and Brunero Liseo},
  TITLE =        {{A Hierarchical Bayesian Approach to Record Linkage and Size Population Problems}},
  JOURNAL =      {Annals of Applied Statistics},
  YEAR =         {2011},
  NUMBER = 	 {2B},
  VOLUME =	 {5},
  PAGES =	 {1553--1585},
  MONTH =	 {},
}
@ARTICLE{QiaoLiu09,
  AUTHOR =       {Xingye Qiao and Yufeng Liu},
  TITLE =        {{Adaptive Weighted Learning for Unbalanced Multicategory Classification}},
  JOURNAL =      {Biometrics},
  YEAR =         {2009},
  NUMBER = 	 {1},
  VOLUME =	 {65},
  PAGES =	 {159--168},
  MONTH =	 {March},
}
@ARTICLE{Newcombeetal59,
  AUTHOR =       {H. B. Newcombe and J. M. Kennedy and S. J. Axford and A. P. James},
  TITLE =        {{Automatic Linkage of Vital Records}},
  JOURNAL =      {Science},
  YEAR =         {1959},
  NUMBER = 	 {3381},
  VOLUME =	 {130},
  PAGES =	 {954--959},
  MONTH =	 {October},
}
@ARTICLE{Bilenkoetal03,
  AUTHOR =   {M. Bilenko and R. J. Mooney and W. W. Cohen and P. Ravikumar and S. E. Fienberg},
  TITLE =        {{Adaptive Name Matching in Information Integration}},
  JOURNAL =  {IEEE Intelligent Systems},
  YEAR =         {2003},
  NUMBER = 	 {5},
  VOLUME =	 {18},
  PAGES =	 {16--23},
  MONTH =	 {October},
}
@ARTICLE{HerzogScheurenWinkler10,
  AUTHOR =       {Thomas H. Herzog and Fritz Scheuren and William E. Winkler},
  TITLE =        {{Record Linkage}},
  JOURNAL =      {Wiley Interdisciplinary Reviews: Computational Statistics},
  YEAR =         {2010},
  NUMBER = 	 {5},
  VOLUME =	 {2},
  PAGES =	 {535--543},
  MONTH =	 {October},
}
@ARTICLE{ZaslavskyWolfgang93,
  AUTHOR =       {Alan M. Zaslavsky and Glenn S. Wolfgang},
  TITLE =        {{Triple-System Modeling of Census, Post-Enumeration Survey, and Administrative-List Data}},
  JOURNAL =      {Journal of Business and Economic Statistics},
  YEAR =         {1993},
  NUMBER = 	 {3},
  VOLUME =	 {11},
  PAGES =	 {279--288},
  MONTH =	 {},
}
@ARTICLE{Darrochetal93,
  AUTHOR =       {John N. Darroch and Stephen E. Fienberg and Gary F. V. Glonek and Brian W. Junker},
  TITLE =        {{A Three-Sample Multiple-Recapture Approach to Census Population Estimation with Heterogeneous Catchability}},
  JOURNAL =      {Journal of the American Statistical Association },
  YEAR =         {1993},
  NUMBER = 	 {423},
  VOLUME =	 {88},
  PAGES =	 {1137--1148},
  MONTH =	 {September},
}
@ARTICLE{WachterandFreedman00,
  AUTHOR =       {Kenneth W. Wachter and David A. Freedman},
  TITLE =        {{The Fifth Cell: Correlation Bias in U.S. Census Adjustment}},
  JOURNAL =      {Evaluation Review},
  YEAR =         {2000},
  NUMBER = 	 {2},
  VOLUME =	 {24},
  PAGES =	 {191--211},
  MONTH =	 {April},
}
@BOOK{AndersonFienbergbook,
  AUTHOR =       { Margo J. Anderson and Stephen E. Fienberg},
  TITLE =        {{Who Counts?: The Politics of Census-Taking in Contemporary America}},
  PUBLISHER =    {Russell Sage Foundation},
  YEAR =         {1999},
  EDITION =      {Revised paperback (2001)},
  ADDRESS =      {New York}
}
@TECHREPORT{Gohdes10,
  AUTHOR =       {Anita Gohdes},
  TITLE =        {{Different Convenience Samples, Different Stories: The Case of Sierra Leone}},
  INSTITUTION =  {The Human Rights Data Analysis Group at Benetech},
  YEAR =         {2010},
  NUMBER = 	 {},
  TYPE =	 {},
  MONTH =	 {},
  URL =          {}
}
@ARTICLE{RestrepoAguirre07,
  AUTHOR =       {Jorge A. Restrepo and Katherine Aguirre},
  TITLE =        {{Homicidios y Muertes Violentas: Un Analisis Comparativo de las Fuentes en Colombia}},
  JOURNAL =      {Forensis: Datos Para La Vida},
  YEAR =         {2007},
  NUMBER = 	 {},
  VOLUME =	 {},
  PAGES =	 {},
  MONTH =	 {},
}
@INCOLLECTION{Ball00,
  AUTHOR =       {Patrick Ball},
  BOOKTITLE =        {{Making the Case: Investigating Large Scale Human Rights Violations Using Information Systems and Data Analysis}},
  TITLE = {{The Guatemalan Commission for Historical Clarification: Generating Analytic Reports; Inter-Sample Analysis}},
  PUBLISHER =    {AAAS},
  YEAR =         {2000},
  ADDRESS =      {},
  PUBLISHER =    {American Association for the Advancement of Science},
  EDITOR =      { Patrick Ball and Herbert F. Spirer and Louise Spirer},
}

@ARTICLE{Lumetal10,
  AUTHOR =       {Kristian Lum and Megan Price and Tamy Guberek and Patrick Ball},
  TITLE =        {{Measuring Elusive Populations with Bayesian Model Averaging for Multiple Systems Estimation: A Case Study on Lethal Violations in Casanare, 1998-2007}},
  JOURNAL =      {Statistics, Politics, and Policy},
  YEAR =         {2010},
  NUMBER = 	 {1},
  VOLUME =	 {1},
  PAGES =	 {},
  MONTH =	 {},
}
@TECHREPORT{DANEvitales,
  AUTHOR =       {{Departamento Administrativo Nacional de Estadisticas, DANE}},
  TITLE =        {{Metodologia Estadisticas Vitales}},
  INSTITUTION =  {Direccion de Censos y Demografia},
  YEAR =         {2009},
  NUMBER = 	 {82},
  TYPE =	 {},
  MONTH =	 {},
  URL =          {http://www.dane.gov.co/files/investigaciones/fichas/Estadisticas_vitales.pdf}
}
@ARTICLE{Chenetal10,
  AUTHOR =       {Song Xi Chen and Cheng Yong Tang and Vincent T. Mule},
  TITLE =        {{Local Post-Stratification in Dual System Accuracy and Coverage Evaluation for the U.S. Census}},
  JOURNAL =      {Journal of the American Statistical Association },
  YEAR =         {2010},
  NUMBER = 	 {489},
  VOLUME =	 {105},
  PAGES =	 {105--119},
  MONTH =	 {},
}
@ARTICLE{BelinRubin95,
  AUTHOR =       {Thomas R. Belin and Donald B. Rubin},
  TITLE =        {{A Method for Calibrating False-Match Rates in Record Linkage}},
  JOURNAL =      {Journal of the American Statistical Association },
  YEAR =         {1995},
  NUMBER = 	 {430},
  VOLUME =	 {90},
  PAGES =	 {694--707},
  MONTH =	 {June},
}
@article{SadinleFienberg13,
  author = {Sadinle, Mauricio and Fienberg, Stephen E.},
  title = {{A Generalized Fellegi-Sunter Framework for Multiple Record Linkage With Application to Homicide Record Systems}},
  journal = {Journal of the American Statistical Association },
  number = {502},
  volume = {108},
  year = {2013},
  month = {June},
  pages = {385--397},
  URL = {http://amstat.tandfonline.com/doi/abs/10.1080/01621459.2012.757231},
  eprint = {http://amstat.tandfonline.com/doi/pdf/10.1080/01621459.2012.757231}
}
@INPROCEEDINGS{BhattacharyaGetoor06,
    author = {Indrajit Bhattacharya and Lise Getoor},
    title = {{A Latent Dirichlet Model for Unsupervised Entity Resolution}},
    booktitle = {The 6th SIAM International Conference on Data Mining (SIAM SDM)},
    year = {2006},
    address = {Bethesda, MD, USA},
    publisher = {}
}
@ARTICLE{Keeneretal87,
  AUTHOR =       {Robert Keener and Edward Rothman and Norman Starr},
  TITLE =        {{Distributions on Partitions}},
  JOURNAL =      {Annals of Statistics},
  YEAR =         {1987},
  NUMBER = 	 {4},
  VOLUME =	 {15},
  PAGES =	 {1466--1481},
  MONTH =	 {December},
}
@BOOK{Johnsonetal05,
  AUTHOR =       {Norman L. Johnson and Adrienne W. Kemp and Samuel Kotz},
  TITLE =        {{Univariate Discrete Distributions}},
  PUBLISHER =    {John Wiley \& Sons, Inc.},
  YEAR =         {2005},
  EDITION =      {Third},
  ADDRESS =      {Hoboken, New Jersey}
}
@INBOOK{McCullagh11,
  AUTHOR = {Peter McCullagh},
  BOOKTITLE = {{International Encyclopedia of Statistical Science}},
  TITLE = {{Random Permutations and Partition Models}},
  PUBLISHER = {Springer-Verlag Berlin Heidelberg},
  PAGES = {1170--1177},
  YEAR = {2011},
  EDITOR = {M. Lovric},
}
@BOOK{LittleRubin02,
  AUTHOR =       {Roderick J. A. Little and Donald B. Rubin},
  TITLE =        {{Statistical Analysis with Missing Data}},
  PUBLISHER =    {Wiley},
  YEAR =         {2002},
  EDITION =      {Second},
  ADDRESS =      {Hoboken, New Jersey}
}
@INPROCEEDINGS{Christen05,
  AUTHOR =       {Peter Christen},
  TITLE =        {{Probabilistic Data Generation for Deduplication and Data Linkage}},
  YEAR =         {2005},
  ORGANIZATION = {},
  PAGES =	 {109--116},
  MONTH =	 {July},
  BOOKTITLE =    {Proc. of the Sixth International Conference on Intelligent Data Engineering and Automated Learning (IDEAL'05)},
}
@ARTICLE{DamienWalker01,
  AUTHOR =       {Paul Damien and Stephen G. Walker},
  TITLE =        {{Sampling Truncated Normal, Beta, and Gamma Densities}},
  JOURNAL =      {Journal of Computational and Graphical Statistics},
  YEAR =         {2001},
  NUMBER = 	 {2},
  VOLUME =	 {10},
  PAGES =	 {206--215},
  MONTH =	 {},
}
@incollection{ChristenPudjijono09,
  year={2009},
  isbn={978-3-642-01306-5},
  volume={5476},
  doi={10.1007/978-3-642-01307-2_47},
  title={{Accurate Synthetic Generation of Realistic Personal Information}},
  url={http://dx.doi.org/10.1007/978-3-642-01307-2_47},
  keywords={Artificial data; data matching; data linkage; privacy; data mining pre-processing},
  author={Christen, Peter and Pudjijono, Agus},
  pages={507--514},
  editor={Theeramunkong, Thanaruk and Kijsirikul, Boonserm and Cercone, Nick and Ho, Tu-Bao},
  series={Lecture Notes in Computer Science},
  booktitle={Advances in Knowledge Discovery and Data Mining},
  publisher={Springer Berlin Heidelberg}
}


@incollection{Buergenthal96,
booktitle={{Estudios Especializados de Derechos Humanos}},
volume={I},
publisher={Instituto Interamericano de Derechos Humanos. San Jos{\'e}: IIDH},
  title={{La Comisi{\'o}n de la Verdad para El Salvador}},
  author={Buergenthal, Thomas},
  pages={11--62},
  year={1996},
note={http://biblio.juridicas.unam.mx/libros/5/2061/6.pdf [Accessed May 31, 2013]},
howpublished={http://biblio.juridicas.unam.mx/libros/5/2061/6.pdf [Accessed May 31, 2013]}
}
@PHDTHESIS{Amelia11,
  AUTHOR =       {Amelia {Hoover Green}},
  TITLE =        {{Repertoires of Violence Against Noncombatants: The Role of Armed Group Institutions and Ideologies}},
  SCHOOL =      {Yale University},
  YEAR =         {2011},
  ADDRESS =   {}
}
@MISC{CTElSalvador93,
  AUTHOR =       {{Commission on the Truth for El Salvador}},
  TITLE =        {{From Madness to Hope: the 12-Year War in El Salvador: Report of the Commission on the Truth for El Salvador}},
howpublished = {http://www.usip.org/files/file/ElSalvador-Report.pdf [Accessed May 31, 2013]},
  YEAR =         {1993},
  MONTH =	 {},
 note = {UN Security Council}
}
@book{RAE05,
  title={{Diccionario Panhisp\'anico de Dudas}},
  author={{Real Academia Espa{\~n}ola}},
  year={2005},
  publisher={Santillana / Real Academia Espa{\~n}ola},
  address={Madrid},
  note={http://lema.rae.es/dpd/}
}
@ARTICLE{Elmagarmidetal07,
  AUTHOR =       {Ahmed K. Elmagarmid and Panagiotis G. Ipeirotis and Vassilios S. Verykios},
  TITLE =        {{Duplicate Record Detection: A Survey}},
  JOURNAL =      {IEEE Transactions on Knowledge and Data Engineering},
  YEAR =         {2007},
  NUMBER = 	 {1},
  VOLUME =	 {19},
  PAGES =	 {1--16},
  MONTH =	 {January},
}





@ARTICLE{AbowdVilhuber05,
  AUTHOR =       {John M. Abowd and Lars Vilhuber},
  TITLE =        {{The Sensitivity of Economic Statistics to Coding Errors in Personal Identifiers}},
  JOURNAL =      {Journal of Business \& Economic Statistics},
  YEAR =         {2005},
  NUMBER = 	 {2},
  VOLUME =	 {23},
  PAGES =	 {133--152},
  MONTH =	 {April},
}
@INPROCEEDINGS{Winkler90Strings,
  AUTHOR =       {Winkler, W. E.},
  TITLE =        {{String Comparator Metrics and Enhanced Decision Rules in the Fellegi-Sunter Model of Record Linkage}},
  BOOKTITLE =    {Proc. Sec. on Survey Research Methods},
  YEAR =         {1990},
  ORGANIZATION = {ASA},
  PAGES =	 {354--359},
  MONTH =	 {},
}
@BOOK{Rubin87,
  AUTHOR =       {Donald B. Rubin},
  TITLE =        {{Multiple Imputation for Nonresponse in Surveys}},
  PUBLISHER =    {John Wiley \& Sons},
  YEAR =         {1987},
  EDITION =      {},
  ADDRESS =      {New York}
}
@BOOK{Fuller87,
  AUTHOR =       {Wayne A. Fuller},
  TITLE =        {{Measurement Error Models}},
  PUBLISHER =    {John Wiley \& Sons},
  YEAR =         {1987},
  EDITION =      {},
  ADDRESS =      {New York}
}
@INPROCEEDINGS{ChristenVatsalan13,
  AUTHOR =       {Peter Christen and Dinusha Vatsalan},
  TITLE =        {{Flexible and Extensible Generation and Corruption of Personal Data}},
  YEAR =         {2013},
  ORGANIZATION = {},
  PAGES =	 {},
  MONTH =	 {},
  BOOKTITLE =    {Proc. of the ACM International Conference on Information and Knowledge Management (CIKM 2013)},
}
@BOOK{ChristenBook,
  AUTHOR =       {Peter Christen},
  TITLE =        {{Data Matching: Concepts and Techniques for Record Linkage, Entity Resolution, and Duplicate Detection}},
  PUBLISHER =    {Springer-Verlag},
  YEAR =         {2012},
  EDITION =      {},
  ADDRESS =      {Berlin Heidelberg}
}
@ARTICLE{Castledine81,
  AUTHOR =       {B. J. Castledine},
  TITLE =        {{A Bayesian Analysis of Multiple-Recapture Sampling for a Closed Population}},
  JOURNAL =      {Biometrika},
  YEAR =         {1981},
  NUMBER = 	 {1},
  VOLUME =	 {68},
  PAGES =	 {197--210},
  MONTH =	 {April},
}
@ARTICLE{GeorgeRobert92,
  AUTHOR =       {Edward I. George and Christian P. Robert},
  TITLE =        {{Capture-Recapture Estimation Via Gibbs Sampling}},
  JOURNAL =      {Biometrika},
  YEAR =         {1992},
  NUMBER = 	 {4},
  VOLUME =	 {79},
  PAGES =	 {677--683},
  MONTH =	 {December},
}
@ARTICLE{FienbergJohnsonJunker99,
  AUTHOR =       {Stephen E. Fienberg and Matthew S. Johnson and Brian W. Junker},
  TITLE =        {{Classical Multilevel and Bayesian Approaches to Population Size Estimation Using Multiple Lists}},
  JOURNAL =      { Journal of the Royal Statistical Society. Series A (Statistics in Society)},
  YEAR =         {1999},
  NUMBER = 	 {3},
  VOLUME =	 {162},
  PAGES =	 {383--405},
  MONTH =	 {},
}

@ARTICLE{Sametal13,
  AUTHOR =       {S. L. Ventura and R. Nugent and E. R. H. Fuchs},
  TITLE =        {{Methods Matter: Improving USPTO Inventor Disambiguation Algorithms with Classification and Labeled Inventor Records}},
  JOURNAL =      {Working Paper},
  YEAR =         {2013},
  NUMBER = 	 {},
  VOLUME =	 {},
  PAGES =	 {},
  MONTH =	 {},
}
@ARTICLE{Cochinwalaetal01,
  AUTHOR =       {Munir Cochinwala and Verghese Kurien and Gail Lalk and Dennis Shasha},
  TITLE =        {{Efficient Data Reconciliation}},
  JOURNAL =      {Information Sciences},
  YEAR =         {2001},
  NUMBER = 	 {1--4},
  VOLUME =	 {137},
  PAGES =	 {1--15},
  MONTH =	 {September},
}
@ARTICLE{Gutmanetal13,
  AUTHOR =       {Roee Gutman and Christopher C. Afendulis and Alan M. Zaslavsky},
  TITLE =        {{A Bayesian Procedure for File Linking to Analyze End-of-Life Medical Costs}},
  JOURNAL =      {Journal of the American Statistical Association },
  YEAR =         {2013},
  NUMBER = 	 {501},
  VOLUME =	 {108},
  PAGES =	 {34--47},
  MONTH =	 {March},
}
@ARTICLE{MadiganYork97,
  AUTHOR =       {David Madigan and Jeremy C. York},
  TITLE =        {{Bayesian Methods for Estimation of the Size of a Closed Population}},
  JOURNAL =      {Biometrika},
  YEAR =         {1997},
  NUMBER = 	 {84},
  VOLUME =	 {1},
  PAGES =	 { 19--31},
  MONTH =	 {},
}

@inproceedings{Norenetal05,
 author = {Nor{\'e}n, G. Niklas and Orre, Roland and Bate, Andrew},
 title = {{A Hit-miss Model for Duplicate Detection in the WHO Drug Safety Database}},
 booktitle = {Proc. of the Eleventh ACM SIGKDD International Conference on Knowledge Discovery in Data Mining (KDD '05)},
 year = {2005},
 pages = {459--468},
 organization = {ACM}
}
@inproceedings{Halletal08,
 author = {Hall, Rob and Sutton, Charles and McCallum, Andrew},
 title = {{Unsupervised Deduplication Using Cross-field Dependencies}},
 booktitle = {Proc. of the 14th ACM SIGKDD International Conference on Knowledge Discovery and Data Mining (KDD '08)},
 year = {2008},
 pages = {310--317},
 organization = {ACM}
}
@article{vonElmetal04,
author = {Erik {von Elm} and Greta Poglia and Bernhard Walder and Martin R. Tram\`er},
title = {{Different Patterns of Duplicate Publication: An Analysis of Articles Used in Systematic Reviews}},
journal = {Journal of the American Medical Association},
volume = {291},
number = {8},
pages = {974--980},
year = {2004},
}
@ARTICLE{MulryCantwell10,
  AUTHOR =       {Mary H. Mulry and Patrick J. Cantwell},
  TITLE =        {{Overview of the 2010 Census Coverage Measurement Program and Its Evaluations}},
  JOURNAL =      {Chance},
  YEAR =         {2010},
  NUMBER = 	 {3},
  VOLUME =	 {23},
  PAGES =	 {46--51},
  MONTH =	 {},
}
@INPROCEEDINGS{Murphyetal04,
  AUTHOR =       {Joe Murphy and Paul Pulliam and Randolph Lucas},
  TITLE =        {{Sample Frame Deduplication in the World Trade Center Health Registry: Minimizing Overcoverage and Cost}},
  BOOKTITLE =    {Proc. Sec. on Survey Research Methods},
  YEAR =         {2004},
  ORGANIZATION = {ASA},
  PAGES =	 {4072--4076},
  MONTH =	 {},
}
@ARTICLE{Sariyaretal12MissingValues,
  AUTHOR =       {M. Sariyar and A. Borg and K. Pommerening},
  TITLE =        {{Missing Values in Deduplication of Electronic Patient Data}},
  JOURNAL =      {Journal of the American Medical Informatics Association},
  YEAR =         {2012},
  NUMBER = 	 {},
  VOLUME =	 {19},
  PAGES =	 {e76--e82},
  MONTH =	 {},
}
@ARTICLE{NowickiSnijders01,
  AUTHOR =       {Krzysztof Nowicki and Tom A. B. Snijders},
  TITLE =        {{Estimation and Prediction for Stochastic Blockstructures}},
  JOURNAL =      {Journal of the American Statistical Association },
  YEAR =         {2001},
  NUMBER = 	 {455},
  VOLUME =	 {96},
  PAGES =	 {1077--1087},
  MONTH =	 {September},
}
@article{Hollandetal83,
    author = {Holland, Paul W. and Laskey, Kathryn B. and Leinhardt, Samuel},
    journal = {Social Networks},
    month = jun,
    number = {2},
    pages = {109--137},
    priority = {4},
    title = {{Stochastic Blockmodels: First Steps}},
    url = {http://dx.doi.org/10.1016/0378-8733(83)90021-7},
    volume = {5},
    year = {1983}
}
@MISC{DataAnnexElSalvador,
  AUTHOR =       {{Mason, T. David and Hamner, Jesse  and Phillips, Mark Edward}},
  TITLE =        {{ Data Annex to the United Nations Truth Commission on the civil war in El Salvador from 1979--1991 (digitized text)}},
howpublished = {UNT Digital Library. http://digital.library.unt.edu/ark:/67531/metadc268920/ [Accessed January 24, 2014]},
  YEAR =         {2013},
  MONTH =	 {},
 note = {}
}
@ARTICLE{Howland08,
  AUTHOR =       {Todd Howland},
  TITLE =        {{How El Rescate, a Small Nongovernmental Organization, Contributed to the Transformation of the Human Rights Situation in El Salvador}},
  JOURNAL =      {Human Rights Quarterly},
  YEAR =         {2008},
  NUMBER = 	 {3},
  VOLUME =	 {30},
  PAGES =	 {703--757},
  MONTH =	 {August},
}
@article{Buergenthal94,
  title={{The United Nations Truth Commission for El Salvador}},
  author={Buergenthal, Thomas},
journal ={Vanderbilt Journal of Transnational Law},
  pages={497--544},
  year={1994},
  NUMBER = 	 {3},
  VOLUME =	 {27},
}
@Article{CODA,
    title = {{CODA: Convergence Diagnosis and Output Analysis for MCMC}},
    author = {Martyn Plummer and Nicky Best and Kate Cowles and Karen
      Vines},
    journal = {R News},
    year = {2006},
    volume = {6},
    number = {1},
    pages = {7--11},
    url = {http://CRAN.R-project.org/doc/Rnews/},
    pdf = {http://CRAN.R-project.org/doc/Rnews/Rnews_2006-1.pdf},
  }
@Article{igraph,
    title = {{The igraph Software Package for Complex Network Research}},
    author = {Gabor Csardi and Tamas Nepusz},
    journal = {InterJournal},
    volume = {Complex Systems},
    pages = {1695},
    year = {2006},
    url = {http://igraph.org},
}
@article{Choietal12,
author = {Choi, D. S. and Wolfe, P. J. and Airoldi, E. M.},
title = {{Stochastic Blockmodels with a Growing Number of Classes}},
year = {2012},
journal = {Biometrika},
  NUMBER = 	 {2},
  VOLUME =	 {99},
  PAGES =	 {273--284},
  MONTH =	 {June},
}
@ARTICLE{FernandezGarcia03,
  AUTHOR =       {Esteve Fern\'andez and Ana M. Garc\'ia},
  TITLE =        {{Accuracy of Referencing of Spanish Names in Medline}},
  JOURNAL =      {The Lancet},
  YEAR =         {2003},
  NUMBER = 	 {9354},
  VOLUME =	 {361},
  PAGES =	 {351--352},
  MONTH =	 {Jan},
}
@ARTICLE{RuizPerezetal02,
  AUTHOR =       {R. Ruiz-P\'erez and E. Delgado L\'opez-C\'ozar and E. Jim\'enez-Contreras},
  TITLE =        {{Spanish Personal Name Variations in National and International Biomedical Databases: Implications for Information Retrieval and Bibliometric Studies}},
  JOURNAL =      {Journal of the Medical Library Association},
  YEAR =         {2002},
  NUMBER = 	 {4},
  VOLUME =	 {90},
  PAGES =	 {411--430},
  MONTH =	 {Oct},
}
@ARTICLE{WestWinkler91,
  AUTHOR =       {Mike West and Robert L. Winkler},
  TITLE =        {{Data Base Error Trapping and Prediction}},
  JOURNAL =      {Journal of the American Statistical Association },
  YEAR =         {1991},
  NUMBER = 	 {416},
  VOLUME =	 {86},
  PAGES =	 {987--996},
  MONTH =	 {Dec},
}
@ARTICLE{Strayhorn90,
  AUTHOR =       {Joseph M. Strayhorn},
  TITLE =        {{Estimating the Errors Remaining in a Data Set: Techniques for Quality Control}},
  JOURNAL =      {The American Statistician},
  YEAR =         {1990},
  NUMBER = 	 {1},
  VOLUME =	 {44},
  PAGES =	 {14--18},
  MONTH =	 {Feb},
}
@ARTICLE{Newcombeetal92,
  AUTHOR =       {Howard B. Newcombe and Martha E. Fair and Pierre Lalonde},
  TITLE =        {{The Use of Names for Linking Personal Records}},
  JOURNAL =      {Journal of the American Statistical Association },
  YEAR =         {1992},
  NUMBER = 	 {420},
  VOLUME =	 {87},
  PAGES =	 {1193--1204},
  MONTH =	 {Dec},
}
@article{Newcombeetal83,
 author = {Newcombe, H. B. and Smith, M. E. and Howe, G. R. and Mingay, J. and Strugnell, A. and Abbatt, J. D.},
 title = {Reliability of Computerized Versus Manual Death Searches in a Study of the Health of Eldorado Uranium Workers},
 journal = {Computers in Biology and Medicine},
 volume = {13},
 number = {3},
 month = {jan},
 year = {1983},
 pages = {157--169}
 }
@INPROCEEDINGS{Fay04,
  AUTHOR =       {Robert E. Fay},
  TITLE =        {{An Analysis of Person Duplication in Census 2000}},
  BOOKTITLE =    {Proc. Sec. on Survey Research Methods},
  YEAR =         {2004},
  ORGANIZATION = {ASA},
  PAGES =	 {3478--3485},
  MONTH =	 {},
}
@INPROCEEDINGS{Marshall08,
  AUTHOR =       {Leah Marshall},
  TITLE =        {{Potential Duplicates in the Census: Methodology and Selection of Cases for Followup}},
  BOOKTITLE =    {Proc. Sec. on Survey Research Methods},
  YEAR =         {2008},
  ORGANIZATION = {ASA},
  PAGES =	 {4237--4244},
  MONTH =	 {},
}
@Manual{R13,
    title = {R: A Language and Environment for Statistical Computing},
    author = {{R Core Team}},
    organization = {R Foundation for Statistical Computing},
    address = {Vienna, Austria},
    year = {2013},
    url = {http://www.R-project.org/},
  }
@MISC{Steortsetal13,
  AUTHOR =       {Rebecca C. Steorts and Rob Hall and Stephen E. Fienberg},
  TITLE =        {{A Bayesian Approach to Graphical Record Linkage and Deduplication}},
  HOWPUBLISHED =      {Preprint in arXiv: http://arxiv.org/abs/1312.4645},
  YEAR =         {2013},
  MONTH =	 {},
}
@MISC{Steorts15,
  AUTHOR =       {Rebecca C. Steorts},
  TITLE =        {{Entity Resolution with Empirically Motivated Priors}},
  HOWPUBLISHED =      {Preprint in arXiv: http://arxiv.org/abs/1409.0643},
  YEAR =         {2015},
  MONTH =	 {},
}
@INPROCEEDINGS{Fortinietal02,
  AUTHOR =       {Fortini, M. and Nuccitelli, A. and Liseo, B. and Scanu, M},
  TITLE =        {{Modeling Issues in Record Linkage: A Bayesian Perspective}},
  BOOKTITLE =    {Proc. Sec. on Survey Research Methods},
  YEAR =         {2002},
  ORGANIZATION = {ASA},
  PAGES =	 {1008--1013},
  MONTH =	 {},
 summary = {proposes a model for record linkage with normal fields.  Doesn't use comparison data, models directly the fields, but assumes a specific normal model with normal errors.  Outlines ideas for categories.}
}
@MISC{SadinleAOASSupplement,
  AUTHOR =       {Mauricio Sadinle},
  TITLE =        {{Supplement to ``Detecting duplicates in a homicide registry using a Bayesian partitioning approach''}},
  HOWPUBLISHED =      {DOI:},
  YEAR =         {201?},
  MONTH =	 {},
}
@ARTICLE{Sarndal64,
  AUTHOR =       {Carl-Erik S\"arndal},
  TITLE =        {{A Unified Derivation of Some Nonparametric Distributions}},
  JOURNAL =      {Journal of the American Statistical Association },
  YEAR =         {1964},
  NUMBER = 	 {308},
  VOLUME =	 {59},
  PAGES =	 {1042--1053},
  MONTH =	 {December},
}
@INPROCEEDINGS{Winkler89Frequencies,
  AUTHOR =       {Winkler, W. E.},
  TITLE =        {{Frequency-Based Matching in the Fellegi-Sunter Model of Record Linkage}},
  BOOKTITLE =    {Proc. Sec. on Survey Research Methods},
  YEAR =         {1989},
  ORGANIZATION = {ASA},
  PAGES =	 {778--783},
  MONTH =	 {},
}
@INPROCEEDINGS{ICFES12,
  AUTHOR =       {ICFES},
  TITLE =        {{Metodolog\'ia del Cruce de Bases ICFES - MEN}},
  BOOKTITLE =    {},
  YEAR =         {2012},
  ORGANIZATION = {ICFES -- Instituto Colombiano para la Evaluaci\'on de la Educaci\'on},
  PAGES =	 {},
  MONTH =	 {},
}
@BOOK{PapadimitriouSteiglitz82,
  AUTHOR =       {Christos H. Papadimitriou and Kenneth Steiglitz},
  TITLE =        {{Combinatorial Optimization: Algorithms and Complexity}},
  PUBLISHER =    {Prentice-Hall},
  YEAR =         {1982},
  EDITION =      {},
  ADDRESS =      {New Jersey}
}
@BOOK{LovaszPlummer86,
  AUTHOR =       {L. Lov\'asz and M. D. Plummer},
  TITLE =        {{Matching Theory}},
  PUBLISHER =    {North-Holland},
  YEAR =         {1986},
  EDITION =      {},
  ADDRESS =      {Amsterdam}
}
@BOOK{Berge89,
  AUTHOR =       {Claude Berge},
  TITLE =        {{Hypergraphs: Combinatorics of Finite Sets}},
  PUBLISHER =    {North-Holland},
  YEAR =         {1989},
  EDITION =      {},
  ADDRESS =      {Amsterdam}
}
@INPROCEEDINGS{Winkler02,
  AUTHOR =       {Winkler, W. E.},
  TITLE =        {{Methods for Record Linkage and Bayesian Networks}},
  BOOKTITLE =    {Proc. Sec. on Survey Research Methods},
  YEAR =         {2002},
  ORGANIZATION = {ASA},
  PAGES =	 {3743--3748},
  MONTH =	 {},
}
@BOOK{BernardoSmith94,
  AUTHOR =       {Jos\'e  M.  Bernardo and Adrian  F.  M.  Smith},
  TITLE =        {{Bayesian Theory}},
  PUBLISHER =    {Wiley},
  YEAR =         {1994},
  EDITION =      {},
  ADDRESS =      {}
}
@BOOK{Berger85,
  AUTHOR =       {James  O.  Berger},
  TITLE =        {{Statistical Decision Theory and Bayesian Analysis}},
  PUBLISHER =    {Springer},
  YEAR =         {1985},
  EDITION =      {2},
  ADDRESS =      {},
  EDITION =      {Second},
}



@ARTICLE{Hu14,
author={Bao-Gang Hu},
journal={Neural Networks and Learning Systems, IEEE Transactions on},
title={{What Are the Differences Between Bayesian Classifiers and Mutual-Information Classifiers?}},
year={2014},
month={Feb},
volume={25},
number={2},
pages={249-264}
}
@ARTICLE{Little12,
  AUTHOR =       {Roderick J. Little},
  TITLE =        {{Calibrated Bayes, an Alternative Inferential Paradigm for Official Statistics}},
  JOURNAL =      {Journal of Official Statistics},
  YEAR =         {2012},
  NUMBER = 	 {3},
  VOLUME =	 {28},
  PAGES =	 {309--334},
  MONTH =	 {},
}
@ARTICLE{DawidLauritzen93,
  AUTHOR =       {A. P. Dawid and S. L. Lauritzen},
  TITLE =        {{Hyper Markov Laws in the Statistical Analysis of Decomposable Graphical Models}},
  JOURNAL =      {Annals of Statistics},
  YEAR =         {1993},
  NUMBER = 	 {3},
  VOLUME =	 {21},
  PAGES =	 {1272--1317},
  MONTH =	 {},
}
@BOOK{Edwards00,
  AUTHOR =       {Edwards, David},
  TITLE =        {{Introduction to Graphical Modelling}},
  PUBLISHER =    {Springer-Verlag},
  YEAR =         {2000},
  EDITION =      {2nd},
  ADDRESS =      {}
}
@BOOK{Lauritzen96,
  AUTHOR =       {Lauritzen, Steffen},
  TITLE =        {{Graphical Models}},
  PUBLISHER =    {Oxford University Press},
  YEAR =         {1996},
  EDITION =      {},
  ADDRESS =      {}
}
@ARTICLE{Meng94,
  AUTHOR =       {Xiao-Li Meng},
  TITLE =        {{Multiple-Imputation Inferences with Uncongenial Sources of Input}},
  JOURNAL =      {Statistical Science},
  YEAR =         {1994},
  NUMBER = 	 {4},
  VOLUME =	 {9},
  PAGES =	 {538--558},
  MONTH =	 {},
}
@ARTICLE{Dunn46,
  AUTHOR =       {Halbert L. Dunn},
  TITLE =        {{Record Linkage}},
  JOURNAL =      {American Journal of Public Health and the Nations Health},
  YEAR =         {1946},
  NUMBER = 	 {12},
  VOLUME =	 {36},
  PAGES =	 {1412--1416},
  MONTH =	 {},
}
@ARTICLE{Tepping68,
  AUTHOR =       {Benjamin J. Tepping},
  TITLE =        {{A Model for Optimum Linkage of Records}},
  JOURNAL =      {Journal of the American Statistical Association },
  YEAR =         {1968},
  NUMBER = 	 {324},
  VOLUME =	 {63},
  PAGES =	 {1321--1332},
  MONTH =	 {},
  keywords = {proposes decision rules based on loss functions for pairs}
}
@ARTICLE{DuBois69,
  AUTHOR =       {Du Bois, Jr., N. S. D'Andrea},
  TITLE =        {{A Solution to the Problem of Linking Multivariate Documents}},
  JOURNAL =      {Journal of the American Statistical Association },
  YEAR =         {1969},
  NUMBER = 	 {325},
  VOLUME =	 {64},
  PAGES =	 {163--174},
  MONTH =	 {},
  keywords = {creates linkage rules based on comparison data and likelihood ratios,
  also proposes to take samples of records from both files to estimate parameters}
}
@article{NewcombeKennedy62,
 author = {Newcombe, Howard B. and Kennedy, James M.},
 title = {{Record Linkage: Making Maximum Use of the Discriminating Power of Identifying Information}},
 issue_date = {Nov. 1962},
 volume = {5},
 number = {11},
 month = nov,
 year = {1962},
 issn = {0001-0782},
 pages = {563--566},
 numpages = {4},
 url = {http://doi.acm.org/10.1145/368996.369026},
 doi = {10.1145/368996.369026},
 acmid = {369026},
 publisher = {ACM},
 address = {New York, NY, USA},
 journal = {Communications of the ACM},
 }
@INPROCEEDINGS{Thibaudeau89,
  AUTHOR =       {Thibaudeau, Yves},
  TITLE =        {{Fitting Log-Linear Models When Some Dichotomous Variables are Unobservable}},
  BOOKTITLE =    {Proc. Sec. on Statistical Computing},
  YEAR =         {1989},
  ORGANIZATION = {ASA},
  PAGES =	 {283--288},
  MONTH =	 {},
}
@PHDTHESIS{Sadinle15,
  AUTHOR =       {Mauricio Sadinle},
  TITLE =        {{A Bayesian Partitioning Approach to Duplicate Detection and Record Linkage}},
  SCHOOL =      {Carnegie Mellon University},
  YEAR =         {2015},
  ADDRESS =   {}
}
@ARTICLE{Fair04,
  AUTHOR =       {Martha Fair},
  TITLE =        {{Generalized Record Linkage System --- Statistics Canada's Record Linkage Software}},
  JOURNAL =      {Austrian Journal of Statistics},
  YEAR =         {2004},
  NUMBER = 	 {1 and 2},
  VOLUME =	 {33},
  PAGES =	 {37--53},
  MONTH =	 {},
}
@TECHREPORT{WagnerLayne14,
  AUTHOR =       {Deborah Wagner and Mary Layne},
  TITLE =        {{The Person Identification Validation System (PVS): Applying the Center for Administrative Records Research and Applications' (CARRA) Record Linkage Software}},
  INSTITUTION =  {U.S. Census Bureau},
  YEAR =         {2014},
  NUMBER = 	 {2014-01},
  TYPE =	 {CARRA Working Paper Series},
  MONTH =	 {},
  URL =          {http://beta.census.gov/srd/carra/CARRA_PVS_Record_Linkage.pdf}
}
@TECHREPORT{GillGoldacre03,
  AUTHOR =       {Gill, L. E. and Goldacre, M. J. },
  TITLE =        {{English National Record Linkage of Hospital Episode Statistics and Death Registration Records: Report to the Department of Health}},
  INSTITUTION =  {National Centre for Health Outcomes Development, Unit of Health-Care Epidemiology, University of Oxford},
  YEAR =         {2003},
  NUMBER = 	 {},
  TYPE =	 {},
  MONTH =	 {},
  URL =         {http://nchod.uhce.ox.ac.uk/NCHOD%20Oxford%20E5%20Report%201st%20Feb_VerAM2.pdf}
}

@TECHREPORT{Singleton13,
  AUTHOR =       {Michael Singleton},
  TITLE =        {{Crash Outcome Data Evaluation System (CODES)}},
  INSTITUTION =  {Kentucky Injury Prevention and Research Center (KIPRC)},
  YEAR =         {2013},
  NUMBER = 	 {},
  TYPE =	 {},
  MONTH =	 {},
  URL =         {http://chfs.ky.gov/nr/rdonlyres/3f3a8820-67aa-40d9-8d14-4dbf787e5582/0/2013drgcodes.pdf}
}

@Misc{CDCLinkPlus,
author =   {{Center for Disease Control and Prevention}},
title =    {{Link Plus}},
howpublished = {http://www.cdc.gov/cancer/npcr/tools/registryplus/lp.htm},
year = {2015}
}
@INPROCEEDINGS{Larsen10,
  AUTHOR =       {Larsen, M. D.},
  TITLE =        {{Record Linkage Modeling in Federal Statistical Databases}},
  BOOKTITLE =    {FCSM Research Conference, Washington, DC},
  YEAR =         {2010},
  ORGANIZATION = {Federal Committee on Statistical Methodology},
  PAGES =	 {},
  MONTH =	 {},
}

@Article{HerbeiW06,
  Title                    = {{Classification with Reject Option}},
  Author                   = {Radu Herbei and Marten H. Wegkamp},
  Journal                  = {Canadian Journal of Statistics},
  Year                     = {2006},
  Pages                    = {709-721},
  Volume                   = {34},
  Number ={4}
}

@TECHREPORT{Winkler06,
  AUTHOR =       {Winkler, W. E.},
  TITLE =        {{Overview of Record Linkage and Current Research Directions}},
  INSTITUTION =  {U.S. Census Bureau},
  YEAR =         {2006},
  NUMBER = 	 {},
  TYPE =	 {Research Report Series},
  MONTH =	 {},
  URL =         {}
}

@article{ECM,
author = {Meng, Xiao-Li and Rubin, D. B.},
title = {{Maximum Likelihood Estimation via the ECM Algorithm: A General Framework}},
volume = {80},
number = {2},
pages = {267-278},
year = {1993},
journal = {Biometrika}
}

@article{GreenMardia06,
author = {Green, Peter J. and Mardia, Kanti V.},
title = {{Bayesian Alignment Using Hierarchical Models, with Applications in Protein Bioinformatics}},
volume = {93},
number = {2},
pages = {235--254},
year = {2006},
journal = {Biometrika}
}

@article{steorts_2015,
  title={Entity Resolution with Empirically Motivated Priors},
  author={Steorts, Rebecca {C.}},
  journal={Bayesian Analysis},
  volume={10},
  number={4},
  pages={849--875},
  year={2015},
  publisher={International Society for Bayesian Analysis}
}

@PHDTHESIS{sadinle_2015,
AUTHOR = {Mauricio Sadinle},
TITLE = {{A Bayesian Partitioning Approach to Duplicate Detection and Record Linkage}},
SCHOOL = {Carnegie Mellon University},
YEAR = {2015},
ADDRESS = {}
}

@article{muller_2007,
  title={A spatially-adjusted Bayesian additive regression tree model to merge two datasets},
  author={Zhang, Song and Shih, Ya-Chen Tina and M{\"u}ller, Peter and others},
  journal={Bayesian Analysis},
  volume={2},
  number={3},
  pages={611--633},
  year={2007},
  publisher={International Society for Bayesian Analysis}
}

@inproceedings{fienberg_1997,
title={{A {B}ayesian Approach to Data Disclosure: {O}ptimal Intruder Behavior for Continuous Data }},
author={Fienberg, S., and Makov, Udi and Sanil, Ashish},
booktitle={Privacy in Statistical Databases},
  pages={75-89},
  year={1997},
  volume = {13},
  number = {1},
  journal={Journal of Official Statistics},
}

@inproceedings{steorts_2014_hash,
title={{A Comparison of Blocking
Methods for Record Linkage }},
author={Steorts, R. and Ventura, S. and Sadinle, M. and Fienberg, S.},
booktitle={Privacy in Statistical Databases},
  pages={253--268},
  year={2014},
  organization={Springer}
}

@PHDTHESIS{matsakis_10,
 AUTHOR =       {Nicholas Elias Matsakis},
 TITLE =        {{Active Duplicate Detection with Bayesian Nonparametric
Models}},
 SCHOOL =      {Massachusetts Institute of Technology},
 YEAR =         {2010},
 ADDRESS =   {}
}

@INPROCEEDINGS{steorts_2014_aistats,
		author={Steorts, R., Hall, R., and Fienberg, S.},
		title={{SMERED: A Bayesian Approach to Graphical Record Linkage and De-duplication. }},
		booktitle = {JMLR W\&CP},
		volume = {33},
		pages ={922-930},
		year = {2014},
		url = {http://arxiv.org/abs/1403.0211},
		month = {April}
		}

@article{sadinle_2014,
  title={Detecting duplicates in a homicide registry using a Bayesian partitioning approach},
  author={Sadinle, Mauricio},
  journal={The Annals of Applied Statistics},
  volume={8},
  number={4},
  pages={2404--2434},
  year={2014},
  publisher={Institute of Mathematical Statistics}
}

@article{lai_2011,
  title={Disambiguation and co-authorship networks of the US Patent Inventor Database},
  author={Lai, Ronald and D?Amour, Alexander and Yu, Amy and Sun, Ye and Torvik, Vetle and Fleming, Lee},
  journal={Harvard Institute for Quantitative Social Science, Cambridge, MA},
  volume={2138},
  year={2011}
}

@inproceedings{steorts_2014,
  title={Empirical {B}ayesian Graphical Entity Resolution},
  author={Steorts, Rebecca},
  pages={In Preparation},
  year={2014},
}

@article{goldenberg_2010,
  title={A survey of statistical network models},
  author={Goldenberg, Anna and Zheng, Alice X and Fienberg, Stephen E and Airoldi, Edoardo M},
  journal={Foundations and Trends{\textregistered} in Machine Learning},
  volume={2},
  number={2},
  pages={129--233},
  year={2010},
  publisher={Now Publishers Inc.}
}

@inproceedings{christen_2009,
  title={Similarity-aware indexing for real-time entity resolution},
  author={Christen, Peter and Gayler, Ross and Hawking, David},
  booktitle={Proceedings of the 18th ACM conference on Information and knowledge management},
  pages={1565--1568},
  year={2009},
  organization={ACM}
}

@inproceedings{WYP:2010,
	Author = {W.E. Winkler and  W.E. Yancey and E.H. Porter },
	Booktitle = {Proceedings of American Statistical Association Section on Survey Research Methods },
	Date-Added = {2014-05-16 14:56:15 +0000},
	Date-Modified = {2014-05-16 14:58:20 +0000},
	Title = {Fast Record Linkage of Very Large Files in Support of Decennial and Administrative Records Projects},
	Year = {2010}}

@article{Herzog:2010,
	Author = {Herzog, T.N. and Scheuren, F.J. and Winkler, W.E.},
	Date-Added = {2014-05-16 14:52:18 +0000},
	Date-Modified = {2014-05-16 14:55:13 +0000},
	Journal = {Wiley Interdisciplinary Reviews: Computational Statistics },
	Pages = {DOI: 10.1002/wics.108},
	Title = {Record Linkage},
	Volume = {2},
	Year = {2010}}

@article{BMCRF:2003,
	Author = {M. Bilenko and  R. Mooney and  W.W. Cohen and  P. Ravikumar and S.E. Fienberg },
	Date-Added = {2014-05-16 14:49:37 +0000},
	Date-Modified = {2014-05-16 14:55:52 +0000},
	Journal = {IEEE Intelligent Systems},
	Number = {5},
	Pages = {16--23},
	Title = {Adaptive Name-Matching in Information Integration },
	Volume = {18},
	Year = {2003}}


@article{Ugarte2014,
title={On fitting spatio-temporal disease mapping models using approximate Bayesian inference},
author= {Ugarte, Maria Dolores, and Adin, Aritz, and Goicoa, Tom\'as and Militino,  Ana F.},
journal={Statistical Methods in Medical Research},
pages={DOI: 10.1177/0962280214527528},
year= {2014}
}



@article{militino_2012,
title={Estimating the percentage of food expenditure in small areas using bias-corrected P-spline based estimators},
author= {Militino,  Ana F., and Goicoa, Tom\'as  and Ugarte, Maria Dolores},
journal={Computational Statistics and Data Analysis},
volume={53},
  pages={3616- 3629},
year= {2012}
}


@inproceedings{steorts_2014_louis,
  title={Conformability for Bayesian Estimates},
  author={Steorts, R. and Louis, T.},
  year={2014},
  organization={In preparation}
}

@inproceedings{hernandez_1995,
  title={The merge/purge problem for large databases},
  author={Hern{\'a}ndez, Mauricio A and Stolfo, Salvatore J},
  booktitle={ACM SIGMOD Record},
  volume={24},
  number={2},
  pages={127--138},
  year={1995},
  organization={ACM}
}

@inproceedings{mccallum_2000,
  title={Efficient clustering of high-dimensional data sets with application to reference matching},
  author={McCallum, Andrew and Nigam, Kamal and Ungar, Lyle H},
  booktitle={Proceedings of the sixth ACM SIGKDD international conference on Knowledge discovery and data mining},
  pages={169--178},
  year={2000},
  organization={ACM}
}



@book{lewis_1997,
  title={Elements of the Theory of Computation},
  author={Lewis, Harry R and Papadimitriou, Christos H},
  year={1997},
  publisher={Prentice Hall PTR}
}

@article{kullback_1951,
  title={On information and sufficiency},
  author={Kullback, Solomon and Leibler, Richard A},
  journal={The Annals of Mathematical Statistics},
  pages={79--86},
  year={1951},
  publisher={JSTOR}
}

@article{pasula_2003,
  title={Identity uncertainty and citation matching},
  author={Pasula, Hanna and Marthi, Bhaskara and Milch, Brian and Russell, Stuart and Shpitser, Ilya},
  journal={Advances in neural information processing systems},
  pages={1425--1432},
  year={2003},
  publisher={MIT; 1998}
}

@article{ban_2005,
  title={Clustering with Bregman Divergences},
  author={Banerjee, Arindam and Merugu, Srujana and Dhillon, Inderjit and Ghosh, Joydeep},
  journal={Journal of Machine Learning Research},
  volume={6},
  pages={1705--1749},
  year={2005},
  editor={John Lefferty}
}

@inproceedings{frigyik_2008,
  title={Functional Bregman Divergence and Bayesian
Estimation of Distributions},
  author={Bela, Frigyik and Srivastave, Santosh and Gupta, Maya},
  booktitle={IEEE TRANSACTIONS ON INFORMATION THEORY},
  volume = {54},
  pages={5130--5139},
  year={2008}
}

@inproceedings{vatsalan_2011,
  title={An efficient two-party protocol for approximate matching in private record linkage},
  author={Vatsalan, Dinusha and Christen, Peter and Verykios, Vassilios S},
  booktitle={Proceedings of the Ninth Australasian Data Mining Conference-Volume 121},
  pages={125--136},
  year={2011},
  organization={Australian Computer Society, Inc.}
}

@incollection{vatsalan_2013,
  title={Sorted nearest neighborhood clustering for efficient private blocking},
  author={Vatsalan, Dinusha and Christen, Peter},
  booktitle={Advances in Knowledge Discovery and Data Mining},
  pages={341--352},
  year={2013},
  publisher={Springer}
}

@inproceedings{kuzu_2011,
  title={A constraint satisfaction cryptanalysis of Bloom filters in private record linkage},
  author={Kuzu, Mehmet and Kantarcioglu, Murat and Durham, Elizabeth and Malin, Bradley},
  booktitle={Privacy Enhancing Technologies},
  pages={226--245},
  year={2011},
  organization={Springer}
}

@inproceedings{karakasidis_2012,
  title={Reference table based k-anonymous private blocking},
  author={Karakasidis, Alexandros and Verykios, Vassilios S},
  booktitle={Proceedings of the 27th Annual ACM Symposium on Applied Computing},
  pages={859--864},
  year={2012},
  organization={ACM}
}

@article{singh_1994,
  title={Time series {EBLUP}s for small areas using survey data},
  author={Singh, AC and Mantel, HJ and Thomas, BW},
  journal={Survey Methodology},
  volume={20},
  number={1},
  pages={33--43},
  year={1994}
}

@article{souza_2009,
  title={Small area population prediction via hierarchical models},
  author={Souza, Debora F and Moura, Fernando AS and Migon, Helio S},
  journal={Catalogue no. 12-001-X},
  pages={203},
  year={2009}
}

@article{pratesi_2008,
  title={Small area estimation: the EBLUP estimator based on spatially correlated random area effects},
  author={Pratesi, Monica and Salvati, Nicola},
  journal={Statistical methods and applications},
  volume={17},
  number={1},
  pages={113--141},
  year={2008},
  publisher={Springer}
}

@article{datta_1999,
  title={Hierarchical Bayes estimation of unemployment rates for the states of the US},
  author={Datta, Gauri S and Lahiri, Partha and Maiti, Tapabrata and Lu, Kim L},
  journal={Journal of the American Statistical Association},
  volume={94},
  number={448},
  pages={1074--1082},
  year={1999},
  publisher={Taylor \& Francis Group}
}

@inproceedings{datta_1996,
  title={Estimation of median income of four-person families: a Bayesian approach},
  author={Datta, GS and Ghosh, M and Nangia, Narinder and Natarajan, K},
  booktitle={Bayesian analysis in statistics and econometrics: essays in honor of Arnold Zellner},
  pages={129--140},
  year={1996}
}


@article{stodden_2013,
  title={“Setting the Default to Reproducible” in Computational Science Research},
  author={Stodden, Victoria and Borwein, Jonathan and Bailey, David H},
  journal={SIAM News, June},
  volume={3},
  year={2013}
}

@online{molina_2013,
  author = {Molina, Isabel and Marhuenda, Yolanda},
  title = {{Package sae}},
  year = 2013,
  url = {http://cran.r-project.org/web/packages/sae/sae.pdf},
  urldate = {2010-09-30}
}

@article{berend_2014,
  title={Minimum KL-divergence on complements of $ L\_1 $ balls},
  author={Berend, Daniel and Harremoes, Peter and Kontorovich, Aryeh},
  publisher={IEEE},
  year={2014}
}

@article{louis_2014,
	Author = {Steorts, Rebecca and Louis, T.A.},
	Date-Added = {2010-04-22 16:04:05 -0400},
	Date-Modified = {2010-04-22 16:04:05 -0400},
	Journal = {In Preparation},
	Title = {Constrained Bayesian Benchmarking},
	Year = {2014}}

@artile{pfeffermann_2014,
title={SINGLE AND TWO-STAGE CROSS-SECTIONAL AND TIME SERIES BENCHMARKING PROCEDURES FOR SMALL AREA ESTIMATION},
author= {Pfeffermann, Danny and Sikov, Anna and Tiller, Richard},
journal={TEST},
year= {2014}
}

@article{hall2011_random,
  title={Random differential privacy},
  author={Hall, Rob and Rinaldo, Alessandro and Wasserman, Larry},
  journal={arXiv preprint arXiv:1112.2680},
  year={2011}
}

@article{hall_2011,
  title={Secure multiple linear regression based on homomorphic encryption},
  author={Hall, Rob and Fienberg, Stephen E and Nardi, Yuval},
  journal={Journal of Official Statistics},
  volume={27},
  number={4},
  pages={669},
  year={2011}
}

@book{Davison-Hinkley-bootstrap,
	author = {A. C. Davison and D. V. Hinkley},
	title = {Bootstrap Methods and their Applications},
	address = {Cambridge, England},
	publisher = {Cambridge University Press},
	year = 1997}

@phdthesis{durham_2012,
  title={A framework for accurate, efficient private record linkage},
  author={Durham, Elizabeth Ashley},
  year={2012},
  school={Vanderbilt University}
}

@inproceedings{hall_2011,
  title={Privacy-preserving record linkage},
  author={Hall, Rob and Fienberg, Stephen E},
  booktitle={Privacy in statistical databases},
  pages={269--283},
  year={2011},
  organization={Springer}
}

@article{pauleve_2010,
  title={Locality sensitive hashing: A comparison of hash function types and querying mechanisms},
  author={Paulev{\'e}, Lo{\"\i}c and J{\'e}gou, Herv{\'e} and Amsaleg, Laurent},
  journal={Pattern Recognition Letters},
  volume={31},
  number={11},
  pages={1348--1358},
  year={2010},
  publisher={Elsevier}
}


@article{steorts_2014_spatial,
title={{Spatial Smoothing and Clustering for Small Area Estimation }},
author={Steorts, R. and Shalizi, C.},
journal={In preparation},
year={2014}
}

@article{wehbe_2014,
title={{Regularized Brain Reading with
Shrinkage and Smoothing }},
author={Wehbe, L. and Ramdas, A. and Steorts, R. and Shalizi, C.},
journal={Submitted},
year={2014}
}


@article{ventura_2014,
  title={COMPUTATIONALLY TRACTABLE CLUSTERING 1 METHODS FOR LARGE-SCALE RECORD LINKAGE},
  author={Ventura, Samuel and Steorts, Rebecca and Nugent, Rebecca and Furnish, Emily},
  journal={In preparation},
  year={2014}
}



@article{kass_1996,
  title={The selection of prior distributions by formal rules},
  author={Kass, Robert E and Wasserman, Larry},
  journal={Journal of the American Statistical Association},
  volume={91},
  number={435},
  pages={1343--1370},
  year={1996},
  publisher={Taylor \& Francis Group}
}

@article{lai_2011,
  title={Disambiguation and co-authorship networks of the US Patent Inventor Database},
  author={Lai, Ronald and D’Amour, Alexander and Yu, Amy and Sun, Ye and Torvik, Vetle and Fleming, Lee},
  journal={Harvard Institute for Quantitative Social Science, Cambridge, MA},
  volume={2138},
  year={2011}
}

@article{carayol_2009,
  title={Who’s Who in Patents. A Bayesian approach},
  author={Carayol, Nicolas and Cassi, Lorenzo},
  journal={Cahiers du GREThA},
  volume={7},
  pages={2009--07},
  year={2009},
  publisher={Groupe de Recherche en Economie Th{\'e}orique et Appliqu{\'e}e}
}

@inproceedings{christen_2014,
title = {Noise-Tolerant Approximate Blocking for Dynamic Real-time Entity Resolution },
author = {Liang, Huizhi and Wang, Yanzhe and Christen, Peter and Gayler, Ross},
booktitle = {Eighteenth Pacific-Asia Conference on Knowledge Discovery and Data Mining (PAKDD14)},
 pages={449--460},
year={2014},
editor = {Zhou, Zhi-Hua and Chen, Arbee L. P. and Tseng, Vincent S. and Tu, Bao Ho},
address = {New York, NY},
publisher = {Springer}
}



@article{clauset_2004,
  title={Finding community structure in very large networks},
  author={Clauset, Aaron and Newman, Mark EJ and Moore, Cristopher},
  journal={Physical review E},
  volume={70},
  number={6},
  pages={066111},
  year={2004},
  publisher={APS}
}

@article{fortunato_2010,
  title={Community detection in graphs},
  author={Fortunato, Santo},
  journal={Physics Reports},
  volume={486},
  number={3},
  pages={75--174},
  year={2010},
  publisher={Elsevier}
}

@Manual{R_2013,
    title = {R: A Language and Environment for Statistical Computing},
    author = {{R Core Team}},
    organization = {R Foundation for Statistical Computing},
    address = {Vienna, Austria},
    year = {2013},
    url = {http://www.R-project.org/},
  }

 @Manual{borg_2012,
    title = {RecordLinkage: Record Linkage in R},
    author = {Andreas Borg and Murat Sariyar},
    year = {2012},
    note = {R package version 0.4-1},
    url = {http://CRAN.R-project.org/package=RecordLinkage},
  }


@article{kleiner_2011,
  title={A scalable bootstrap for massive data},
  author={Kleiner, Ariel and Talwalkar, Ameet and Sarkar, Purnamrita and Jordan, Michael I},
  journal={arXiv preprint arXiv:1112.5016},
  year={2011}
}


@inproceedings{al_2005,
  title={Blocking-aware private record linkage},
  author={Al-Lawati, Ali and Lee, Dongwon and McDaniel, Patrick},
  booktitle={Proceedings of the 2nd international workshop on Information quality in information systems},
  pages={59--68},
  year={2005},
  organization={ACM}
}
@article{sarma_2011,
  title={CBLOCK: An Automatic Blocking Mechanism for Large-Scale De-duplication Tasks},
  author={Sarma, Anish Das and Jain, Ankur and Machanavajjhala, Ashwin and Bohannon, Philip},
  journal={arXiv preprint arXiv:1111.3689},
  year={2011}
}

@article{breiman_2001,
  title={Random forests},
  author={Breiman, Leo},
  journal={Machine learning},
  volume={45},
  number={1},
  pages={5--32},
  year={2001},
  publisher={Springer}
}




@inproceedings{gan_2012,
  title={Locality-sensitive hashing scheme based on dynamic collision counting},
  author={Gan, Junhao and Feng, Jianlin and Fang, Qiong and Ng, Wilfred},
  booktitle={Proceedings of the 2012 ACM SIGMOD International Conference on Management of Data},
  pages={541--552},
  year={2012},
  organization={ACM}
}


@inproceedings{das_2012,
  title={An automatic blocking mechanism for large-scale de-duplication tasks},
  author={Das Sarma, Anish and Jain, Ankur and Machanavajjhala, Ashwin and Bohannon, Philip},
  booktitle={Proceedings of the 21st ACM international conference on Information and knowledge management},
  pages={1055--1064},
  year={2012},
  organization={ACM}
}


@book{rajaraman_2012,
  title={Mining of massive datasets},
  author={Rajaraman, Anand and Ullman, Jeffrey David},
  year={2012},
  publisher={Cambridge University Press}
}

@article{tantrum_2004,
  title={Hierarchical model-based clustering of large datasets through fractionation and refractionation},
  author={Tantrum, Jeremy and Murua, Alejandro and Stuetzle, Werner},
  journal={Information Systems},
  volume={29},
  number={4},
  pages={315--326},
  year={2004},
  publisher={Elsevier}
}

@inproceedings{cutting_1992,
  title={Scatter/gather: A cluster-based approach to browsing large document collections},
  author={Cutting, Douglass R and Karger, David R and Pedersen, Jan O and Tukey, John W},
  booktitle={Proceedings of the 15th annual international ACM SIGIR conference on Research and development in information retrieval},
  pages={318--329},
  year={1992},
  organization={ACM}
}

@phdthesis{ventura_2013,
AUTHOR = "Ventura, Sam",
TITLE = "Large-Scale Clustering Methods with Applications to
Record Linkage",
SCHOOL = "CMU",
YEAR = "2013",
type = "PhD Thesis Proposal",
address = "Pittsburgh, PA",
}

@article{pfeffermann_2013,
  title={New important developments in small area estimation},
  author={Pfeffermann, Danny},
  journal={Statistical Science},
  volume={28},
  number={1},
  pages={40--68},
  year={2013},
  publisher={Institute of Mathematical Statistics}
}

@article{wainwright_2008,
  title={Graphical models, exponential families, and variational inference},
  author={Wainwright, Martin J and Jordan, Michael I},
  journal={Foundations and Trends{\textregistered} in Machine Learning},
  volume={1},
  number={1-2},
  pages={1--305},
  year={2008},
  publisher={Now Publishers Inc.}
}

@article{broderick_2012,
  title={MAD-Bayes: MAP-based asymptotic derivations from Bayes},
  author={Broderick, Tamara and Kulis, Brian and Jordan, Michael I},
  journal={arXiv preprint arXiv:1212.2126},
  year={2012}
}

@article{broderick_2013,
  title={Streaming Variational Bayes},
  author={Broderick, Tamara and Boyd, Nicholas and Wibisono, Andre and Wilson, Ashia C and Jordan, Michael I},
  journal={arXiv preprint arXiv:1307.6769},
  year={2013}
}

@article{quantin_1998,
  title={Automatic record hash coding and linkage for epidemiological follow-up data confidentiality},
  author={Quantin, C and Bouzelat, H and Allaert, FA and Benhamiche, AM and Faivre, J and Dusserre, L},
  journal={Methods of information in medicine},
  volume={37},
  number={3},
  pages={271--277},
  year={1998},
  publisher={Schattauer}
}

@inproceedings{kim_2010,
  title={{HARRA}: Fast Iterative Hashed Record Linkage for Large-Scale Data Collections},
  author={Kim, {Hung-sik} and Lee, {Dongwon}},
  booktitle={Proceedings of the 13th International Conference on Extending Database Technology},
  pages={525--536},
  year={2010},
  organization={ACM}
}



@inproceedings{inan_2010,
  title={Private record matching using differential privacy},
  author={Inan, Ali and Kantarcioglu, Murat and Ghinita, Gabriel and Bertino, Elisa},
  booktitle={Proceedings of the 13th International Conference on Extending Database Technology},
  pages={123--134},
  year={2010},
  organization={ACM}
}

@inproceedings{gionis_1999,
  title={Similarity search in high dimensions via hashing},
  author={Gionis, Aristides and Indyk, Piotr and Motwani, Rajeev},
  booktitle={VLDB},
  volume={99},
  pages={518--529},
  year={1999}
}

@article{torvik_2009,
  title={Author name disambiguation in MEDLINE},
  author={Torvik, Vetle I and Smalheiser, Neil R},
  journal={ACM Transactions on Knowledge Discovery from Data (TKDD)},
  volume={3},
  number={3},
  pages={11},
  year={2009},
  publisher={ACM}
}

@inproceedings{giles_2009,
  title={Disambiguating authors in academic publications using random forests},
  author={Treeratpituk, Pucktada and Giles, C Lee},
  booktitle={Proceedings of the 9th ACM/IEEE-CS joint conference on Digital libraries},
  pages={39--48},
  year={2009},
  organization={ACM}
}

@inproceedings{han_2004,
  title={Two supervised learning approaches for name disambiguation in author citations},
  author={Han, Hui and Giles, Lee and Zha, Hongyuan and Li, Cheng and Tsioutsiouliklis, Kostas},
  booktitle={Digital Libraries, 2004. Proceedings of the 2004 Joint ACM/IEEE Conference on},
  pages={296--305},
  year={2004},
  organization={IEEE}
}

@techreport{winkler_2002,
  title={Methods for record linkage and Bayesian networks},
  author={Winkler, William E},
  year={2002},
  institution={Technical report, Statistical Research Division, US Census Bureau, Washington, DC}
}


@inproceedings{christen_2006,
  title={Privacy-preserving data linkage and geocoding: Current approaches and research directions},
  author={Christen, Peter},
  booktitle={Data Mining Workshops, 2006. ICDM Workshops 2006. Sixth IEEE International Conference on},
  pages={497--501},
  year={2006},
  organization={IEEE}
}


@article{steorts_2013b,
  title={A {B}ayesian Approach to Graphical Record Linkage and De-duplication },
  author={Steorts, R. C. and Hall, Rob and Fienberg, S.E.},
  journal={Submitted},
  year={2013},
}

@article{ventura_2012,
  title={Methods matter: Revamping inventor disambiguation algorithms with classification models and labeled inventor records},
  author={Ventura, Samuel L and Nugent, Rebecca and Fuchs, Erica},
  journal={SSRN eLibrary},
  year={2012}
}

@article{reiter_2007,
  title={The multiple adaptations of multiple imputation},
  author={Reiter, Jerome P and Raghunathan, Trivellore E},
  journal={Journal of the American Statistical Association},
  volume={102},
  number={480},
  pages={1462--1471},
  year={2007},
  publisher={Taylor \& Francis}
}

@article{ashburner2008spm8,
 title={SPM8 manual},
 author={Ashburner, J. and Chen, CC and Flandin, G. and Henson, R. and Kiebel, S. and Kilner, J. and Litvak, V. and Moran, R. and Penny, W. and Stephan, K. and others},
 journal={Functional Imaging Laboratory, Institute of Neurology},
 year={2008}
}

@book{gelman_2003,
	author = "Andrew Gelman and John B. Carlin and Hal S. Stern and Donald B. Rubin",
	title = "{Bayesian} Data Analysis",
	edition = "Second",
	address = "London",
	publisher = "CRC Press",
	year = 2003}


@book{hastie_2001,
 title={The Elements of Statistical Learning: Data Mining, Inference, and Prediction},
 author={Trevor Hastie and Robert Tibshirani and Jerome Friedman},
 year={2001},
 publisher={Springer},
 address ={New York}
}

@article{norman_2006,
  title = "Beyond mind-reading: multi-voxel pattern analysis of {fMRI} data",
  author = "Kenneth A. Norman and Sean M. Polyn and Greg J. Detre and James V. Haxby",
  journal = "Trends in Cognitive Sciences",
  volume = 10,
  year = 2006,
  pages = "424--430",
  doi = "10.1016/j.tics.2006.07.005"}

@article{pereira_2009,
  author = "Francisco Pereira and Tom Mitchell and Matthew Botvinick",
  title = "Machine learning classifiers and {fMRI}: {A} tutorial overview",
  journal = "NeuroImage",
  volume = 45,
  year = 2009,
  pages = "S199--S209",
  doi = "10.1016/j.neuroimage.2008.11.007"}

@article{yarkoni_2011,
  author = "Tal Yarkoni and Russell A. Poldrack and Thomas E. Nichols and Van Essen, David C. and Tor D. Wager",
  title = "Large-scale automated synthesis of human functional neuroimaging data",
  journal = "Nature Methods",
  volume = 8,
  year = 2011,
  pages = "665--670",
  doi = "10.1038/nmeth.1635"}

@article{poldrack_2008,
  author="Russell A. Poldrack",
  title = "The role of {fMRI} in Cognitive Neuroscience: where do we stand?",
  journal = "Current Opinion in Neurobiology",
  volume = 18,
  year = 2008,
  pages = "223--227",
  doi = "10.1016/j.conb.2008.07.006"}


@book{bilenko_2006,
  title={Learnable similarity functions and their application to record linkage and clustering},
  author={Bilenko, Mikhail Yuryevich},
  volume={67},
  number={12},
  year={2006}
}

@book{ashby_2011,
  author={F. Gregory Ashby},
  title ={Statistical Analysis of {fMRI} Data},
  address = {Cambridge, Massachusetts},
  publisher ={MIT Press},
  year={2011}}

@book{gigerenzer_1989,
  title={The Empire of Chance: How Probability Changed Science and Everyday Life},
  author = {Gerd Gigerenzer and Zeno Swijtink and Theodore Porter and Lorraine Daston and John Beatty and Lorenz Kruger},
  address = {Cambridge, England},
  publisher = {Cambridge University Press},
  year = {1989}}

@misc{lee_2011,
  title={Spatial Bayesian Variable Selection Models on Functional Magnetic Resonance Imaging Time-Series Data},
  author={Lee, Kuo-Jung and Jones, Galin L. and Caffo, Brian S. and Bassett, Susan Spear},
  howpublishedl={Preprint},
  year={2011}
}

@incollection{pillow_2013,
  title={Bayesian Structure Learning for Functional Neuroimaging},
 author={Park, Mijung and Koyejo, Oluwasanmi and Ghosh, Joydeep and Poldrack, Russell A and Pillow, Jonathan W},
  booktitle={16th International Conference on Artificial Intelligence and Statistics},
  year={2013},
  editor = {Carlos M. Carlvaho and Pradeep Ravikumar},
  pages = {489--497},
}

@article{genovese_2000,
 title={A {Bayesian} time-course model for functional magnetic resonance imaging data},
 author={Genovese, Christopher R},
 journal={JASA},
 volume={95},
 pages={691--703},
 year={2000},
 publisher={Taylor \& Francis Group}
}

@misc{lee_2013,
  title={Spatial {B}ayesian selection models on functional magnetic resonance imaging time series data},
  author={Lee, K.-J. and Jones, G. L. and  Caffo, B. S. and Bassett, S.},
  journal={Bayesian Analysis},
  year={2013},
  publisher={International Society for Bayesian Analysis}
}




@article{kyung_2010,
  title={Penalized regression, standard errors, and Bayesian lassos},
  author={Kyung, Minjung and Gill, Jeff and Ghosh, Malay and Casella, George},
  journal={Bayesian Analysis},
  volume={5},
  pages={369--411},
  year={2010},
  publisher={International Society for Bayesian Analysis}
}

@article{hoerl_1970,
  title={Ridge regression: Biased estimation for nonorthogonal problems},
  author={Hoerl, Arthur E and Kennard, Robert W},
  journal={Technometrics},
  volume={12},
  pages={55--67},
  year={1970},
  publisher={Taylor \& Francis Group}
}

@article{tibshirani_1996,
  title={Regression shrinkage and selection via the lasso},
  author={Tibshirani, Robert},
  journal={Journal of the Royal Statistical Society. Series B (Methodological)},
  volume = {58},
  pages={267--288},
  year={1996},
}

@article{zou_2005,
  title={Regularization and variable selection via the elastic net},
  author={Zou, Hui and Hastie, Trevor},
  journal={JRSSB (Statistical Methodology)},
  volume={67},
  pages={301--320},
  year={2005},
  publisher={Wiley Online Library}
}

@book{shepherd_1994,
  title={Neurobiology},
  author={Shepherd, Gordon M},
  edition ={3},
  year={1994},
  publisher={Oxford University Press}
}

@article{fleming_2007,
  title={Small worlds and regional innovation},
  author={Fleming, Lee and King, {III}, Charles and Juda, Adam},
  journal={Organization Science},
  volume={18},
  pages={938--954},
  year={2007},
  publisher={INFORMS}
}

@inproceedings{domingos_2004,
  title={Multi-relational record linkage},
  author={Domingos, Parag and Domingos, Pedro},
  booktitle={Proceedings of the KDD-2004 Workshop on Multi-Relational Data Mining},
  year={2004},
  organization={ACM}
}
@article{everson_2000,
	Author = {Everson, P. and Morris, C.},
	Journal = {Journal of the Royal Statistical Society, Series B},
	Title = {Inference of multivariate normal hierarchical models},
	Volume = {62},
	pages =	 {399-412},
	Year = {2000}}

@article{cowles_1996,
	Author = {Cowles, M. and Carlin, B.},
	Journal = {Journal of the American Statistical Association},
	Title = {Markov chain {M}onte {C}arlo Convergence Diagnostics: A Comparative Review},
	Volume = {91},
	Number= {434},
	Pages = {883-904},
	Year = {1996}
	}

@article{datta_1991,
	Author = {Datta, G. and Ghosh, M.},
	Journal = {The Annal of Statistics},
	Title = {Bayesian Prediction in Linear Models: Applications to Small Area Estimation},
	Volume = {19},
	Number= {4},
	Pages = {1748-1770},
	Year = {1991}
	}

@article{gates_2011,
	Author = {Gates, W.},
	Journal = {Journal of Privacy and Confidentiality},
	Pages = {3-40},
	Title = {How Uncertainty about Privacy and Confidentiality Is Hampering Efforts to More Effectively Use Administrative Records in Producing {U.S.} National Statistics},
	Volume = {10},
	Number= {905},
	Year = {2011}
	}

@article{wheaton_2009,
	Author = {Wheaton, W. and Cajka, J. and Chasteen, B. and Wagener, D. and Cooley, P. and Ganapathi, L. and Roberts, D. and Allpress, J.},
	Journal = {Methods Rep RTI Press},
	Title = {Synthesized Population Databases: A U.S. Geospatial Database for Agent-Based Models},
	Volume = {3},
	Number= {2},
	Year = {2009},
	url = {doi:  10.3768/rtipress.2009.mr.0010.0905}
	}

@article{beckman_1996,
	Author = {Beckman, R. and Baggerly, K. and Mc{K}ay, D.},
	Journal = {Transportation Research Part A: Policy and Practice},
	Title = {Creating synthetic baseline populations},
	Volume = {30},
	Number= {6},
	Year = {1996},
	Pages = {415-429}
	}

@book{acs_2007,
	Address = {Using the American Community Survey, National Research Council},
	Author = {Using the American Community Survey, National Research Council},
	Date-Added = {2013-05-30 03:49:33 +0000},
	Date-Modified = {2013-05-30 03:51:42 +0000},
	Publisher = {Springer},
	Title = {Using the American Community Survey Ð Benefits and Challenges, Panel on the Functionality and Usability of Data from the American Community Survey},
	Year = {2007}}

@misc{midas_2012,
	Author = {MIDAS},
	Title = {Models of Infectious Disease Agent Study},
	Date-Modified = {2013-05-30 04:51:43 +0000},
	Url = {https://www.epimodels.org/midas/Rpubsyntdata1.do},
	Year = 2012,
	Bdsk-Url-1 = {https://www.epimodels.org/midas/Rpubsyntdata1.do}	}


@article{battese_1988,
	Author = {Battese, G. and Harter, R. and Fuller, W.},
	Journal = {Journal of the American Statistical Association},
	Pages = {28-36},
	Title = {An Error-Components Model for Prediction of County Crop Area Using Survey and Satellite Data},
	Volume = {83},
	Year = {1988}}

@article{ghosh_2009,
	Author = {Ghosh, M. and Kim, D. and Sinha, K. and Maiti,T. and Katzoff, M. and Parsons, V.},
	Date-Added = {2010-04-22 16:04:05 -0400},
	Date-Modified = {2010-04-22 16:04:05 -0400},
	Journal = {Survey Methodology},
	Pages = {53-66},
	Title = {Hierarchical and empirical {B}ayes small domain estimation of the proportion
of persons without health insurance
or minority subpopulations},
	Volume = {35},
	Number = {1},
	Year = {2009}}

@article{ghosh_1998,
	Author = {Ghosh, M. and Natarajan, K. and Stroud, T. and Carlin, B.},
	Date-Added = {2010-04-22 16:04:05 -0400},
	Date-Modified = {2010-04-22 16:04:05 -0400},
	Journal = {Journal of the American Statistical Association},
	Pages = {53-66},
	Title = {Generalized Linear Models for Small Area-Estimation},
	Volume = {93},
	Number = {441},
	Year = {1998}}


@article{isaki_2004,
	Author = {Isaki, C.T. and Tsay, J.H and Fuller, W.A.},
	Date-Added = {2010-04-22 16:04:05 -0400},
	Date-Modified = {2010-04-22 16:04:05 -0400},
	Journal = {Survey Methodology},
	Pages = {35-44},
	Title = {Weighting sample data subject
to independent controls},
	Volume = {20},
	Year = {2004}}

@article{liseo_jos_2011,
	Author = {Liseo, B. and Tancredi, A.},
	Date-Added = {2013-05-30 03:56:51 +0000},
	Date-Modified = {2013-05-30 03:58:16 +0000},
	Journal = {Journal of Official Statistics},
	Number = {3},
	Pages = {491--505},
	Title = {Bayesian estimation of population size via linkage of multivariate Normal data sets},
	Volume = {27},
	Year = {2011}}

@article{sadinle_multi_1,
	Author = {Sadinle, M. and Fienberg, S.E.},
	Date-Modified = {2013-05-31 02:24:32 +0000},
	Journal = {Journal of the American Statistical Association},
	Title = {A Generalized {F}ellegi-{S}unter Framework for Multiple Record Linkage with Application to Homicide Record-Systems},
	Volume = {108},
	Number = {502},
	pages = {385-397},
	Year = {2013}}

@misc{sadinle_multi_2,
	Author = {Sadinle, M. and Hall, R. and Fienberg, S.E.},
	Date-Modified = {2013-05-31 02:24:22 +0000},
	Howpublished = {ISI World Congress, Dublin},
	Note = {Invited Paper},
	Title = {Approaches to Multiple Record Linkage},
	Year = {2011}}

@inproceedings{hall12,
	Address = {Berlin},
	Author = {Hall, R. and Fienberg, S.E.},
	Booktitle = {Privacy in Statistical Databases 2012},
	Date-Modified = {2013-05-31 02:32:24 +0000},
	Editor = {J. Domingo-Ferrer and I. Tinnirello},
	Pages = {131--142},
	Publisher = {Springer},
	Series = {Lecture Notes in Computer Science},
	Title = {Valid Statistical Inference on Automatically Matched Files},
	Volume = {7556},
	Year = {2012}}


@article{smmcmc,
	Author = {Jain, S. and Neal, R.},
	Journal = {Journal of Computational and Graphical Statistics},
	Pages = {158--182},
	Title = {A Split-Merge Markov Chain Monte Carlo Procedure for the Dirichlet Process Mixture Model},
	Volume = {13},
	Year = {2004}}

@article{zhang_2011,
	Author = {Zhang, S. and Midthune, D. and Guenther, P.M. and Krebs-Smith, S.M. and Kipnis, V. and Dodd, K.W. and Buckman, D.W. and Tooze, J.A. and Freedman, L. and Carroll, R.J.},
	Journal = {Annals of Applied Statistics},
	Number = {2B},
	Pages = {1456-87},
	Title = {A new multivariate measurement error model with zero-inflated dietary data, and its application to dietary assessment},
	Volume = {5},
	Year = {2011}}

@article{carroll_2013,
	Author = {Carroll, R.J.},
	Journal = {Statistical Science},
	Number = {?},
	Pages = {?},
	Title = {Estimating the Distribution of Dietary Consumption Patterns},
	Volume = {?},
	Year = {2013}}

@article{little_1991,
	Author = {Little, R.},
	Journal = {Journal of Official Statistics},
	Number = {4},
	Pages = {405-424},
	Title = {Inference with survey weights},
	Volume = {7},
	Year = {1991}}

@article{fienberg_2009,
	Author = {Fienberg, S.},
	Journal = {Journal of Privacy and Confidentiality},
	Number = {2},
	Title = {The Relevance or Irrelevance of Weights for Confidentiality and Statistical Analyses},
	Volume = {1},
	Year = {2009}}

@article{chaud_2008,
	Author = {Chaudhuri, S. and Handock, M. and Rendall, M.},
	Journal = {Journal of the Royal Statistical Society, B,},
	Number = {2},
	Pages = {311-328},
	Title = {A Conditional empirical likelihood approach for combining sampling design and population level information},
	Volume = {70},
	Year = {2008}}

@article{elliot_2000,
	Author = {Elliot, M. and Little, R.},
	Journal = {Journal of Privacy and Confidentiality},
	Number = {3},
	Pages = {191-209},
	Title = {Model-Based Alternatives to Trimming Survey Weights},
	Volume = {16},
	Year = {2000}}

@article{pfeffermann_1993,
	Author = {Pfeffermann, D.},
	Journal = {International Statistical Review},
	Number = {1},
	Pages = {317-337},
	Title = {The Role of Sampling Weights When Modeling Survey Data},
	Volume = {61},
	Year = {1993}}

@article{pfeffermann_2013,
	Author = {Pfeffermann, D.},
	Journal = {Statistical Science},
	Number = {1},
	Pages = {40-68},
	Title = {New Important Developments in Small Area Estimation},
	Volume = {28},
	Year = {2013}}







@article{gelman_2007,
	Author = {Gelman, A.},
	Journal = {Statistical Science},
	Number = {2},
	Pages = {153-164},
	Title = {Struggles with survey weighting and regression modeling},
	Volume = {22},
	Year = {2007}}

@article{little_2007,
	Author = {Little, R.},
	Journal = {Statistical Science},
	Number = {2},
	Pages = {171-174},
	Title = {Comment: struggles with survey weighting and regression modeling},
	Volume = {22},
	Year = {2007}}

@article{ugarte_2009,
	Author = {Ugarte, {M. D.} and Goicoa, T. and Militino, {A. F.}},
	Journal = {TEST},
	Pages = {342-364},
	Title = {Benchmarked estimates in small areas using linear mixed models with restrictions.},
	Volume = {18},
	Year = {2009}}

@article{butar_2003,
	Author = {Butar, F. and Lahiri, P.},
	Journal = {J. Statist. Plann. Inference},
	Pages = {63-76},
	Title = {On measures of uncertainty of empirical Bayes small area estimators.},
	Volume = {112},
	Year = {2003}}

@article{bell_2013,
	Author = {Bell, W.R. and Datta, {G.S.} and Ghosh, M.},
	Date-Added = {2010-04-22 16:04:05 -0400},
	Date-Modified = {2010-04-22 16:04:05 -0400},
	Journal = {Biometrika},
	Title = {Benchmarked Small Area Estimators},
	Volume = {100},
	Number={1},
	Pages = {189-202},
	Year = {2013}}

@article{ghosh_1994,
  title={Small area estimation: an appraisal},
  author={Ghosh, Malay and Rao, JNK},
  journal={Statistical science},
  pages={55--76},
  year={1994},
  publisher={JSTOR}
}


@article{ghosh_2008,
	Author = {Ghosh, M. and Mergel, V. and Datta, G.},
	Date-Added = {2010-04-22 16:04:05 -0400},
	Date-Modified = {2010-04-22 16:04:05 -0400},
	Journal = {Journal of Multivariate Analysis},
	Pages = {1941-1961},
	Title = {Estimation, Prediction and the Stein Phenomenon under Divergence Loss},
	Volume = {99},
	Year = {2008}}

@article{bell_1999,
	Author = {Bell, W.R.},
	Date-Added = {2010-04-22 16:04:05 -0400},
	Date-Modified = {2010-04-22 16:04:05 -0400},
	Journal = {Bulletin of the International Statistical Institute, 52nd Session, Helsinki},
	Title = {Accounting for uncertainty about variances in small area estimation},
	Year = {1999}}

@article{bell_2010,
	Author = {Bell, W.R. and Datta, G.S. and Ghosh, M.},
	Date-Added = {2010-04-22 16:04:05 -0400},
	Date-Modified = {2010-04-22 16:04:05 -0400},
	Journal = {Preprint},
	Title = {Benchmarked Small Area Estimators},
	Year = {2010}}

@book{berger_1985,
	Author = {Berger, J.O.},
	Date-Added = {2010-04-22 16:04:05 -0400},
	Date-Modified = {2010-04-22 16:04:05 -0400},
	Publisher = {Springer-Verlag, New York},
	Title = {Statistical Decision Theory and Bayesian Analysis, 2nd Edition},
	Year = {1985}}

@article{datta_2000,
	Author = {Datta, G.S. and Lahiri, P.},
	Date-Added = {2010-04-22 16:04:05 -0400},
	Date-Modified = {2010-04-22 16:04:05 -0400},
	Journal = {Statistica Sinica},
	Pages = {613-627},
	Title = {A unified measure of uncertainty of estimated best linear unbiased predictors in small area estimation problems.},
	Volume = {10},
	Year = {2000}}

@article{datta_2005,
	Author = {Datta, G.S. and Rao, J.N.K. and Smith, D.D.},
	Date-Added = {2010-04-22 16:04:05 -0400},
	Date-Modified = {2010-04-22 16:04:05 -0400},
	Journal = {Biometrika},
	Pages = {183-196},
	Title = {On measuring the variability of small area estimators under a basic area level model},
	Volume = {92},
	Year = {2005}}


@article{datta_2011,
  title={Bayesian benchmarking with applications to small area estimation},
  author={Datta, GS and Ghosh, M and Steorts, R and Maples, J},
  journal={Test},
  volume={20},
  number={3},
  pages={574--588},
  year={2011},
  publisher={Springer}
}

@article{deville_1992,
	Author = {Deville, J.C. and Sarndal, C.E.},
	Date-Added = {2010-04-22 16:04:05 -0400},
	Date-Modified = {2010-04-22 16:04:05 -0400},
	Journal = {Journal of the American Statistical Assocation},
	Number = {418},
	Title = {Calibration Estimators in Survey Sampling},
	Volume = {87},
	Year = {1992}}

@article{ghosh_1992,
	Author = {Ghosh, M.},
	Date-Added = {2010-04-22 16:04:05 -0400},
	Date-Modified = {2010-04-22 16:04:05 -0400},
	Journal = {Journal of the American Stastical Association},
	Pages = {533-540},
	Title = {Constrained Bayes estimation with applications},
	Volume = {87},
	Year = {1992}}

@article{ghosh_2011,
	Author = {Ghosh, M.},
	Journal = {Statistical Science},
	Pages = {187-202},
	Title = {Objective Priors: An Introduction for Frequentists},
	Volume = {26},
	Year = {2011}}

@article{ghosh_2013,
	Author = {Ghosh, M. and Steorts, R.},
	Journal = {TEST},
	Volume = {22},
        Pages = {670-687},
	Title = {Two-Stage Bayesian Benchmarking as Applied to Small Area Estimation},
	Year = {2013}}

@article{steorts_2011,
	Author = {Steorts, R. and Ghosh, M.},
	Journal = {Statistica Sinica},
	Month = {April},
	Title = {On Estimation of Mean Squared Errors of Benchmarked Empirical Bayes Estimators},
	Volume = {2},
	Year = {2013}}

@article{steorts_2013,
	Author = {Steorts, R.},
	Journal = {Working Paper},
	Title = {Divergence losses under benchmarking for small area estimation},
	Year = {2013}}

@article{isaki_2000,
	Author = {Isaki, C.T. and Tsay, J.H and Fuller, W.A.},
	Date-Added = {2010-04-22 16:04:05 -0400},
	Date-Modified = {2010-04-22 16:04:05 -0400},
	Journal = {Suvery Methodology},
	Pages = {31-42},
	Title = {Estimation of census adjustment factors},
	Volume = {26},
	Year = {2000}}

@article{little_2004,
	Author = {Little, R.J.},
	Journal = {Journal of the American Stastical Association},
	Number = {466},
	Pages = {546-556},
	Title = {To Model or Not to Model? {C}ompeting Modes of Inference for Finite Population Sampling},
	Volume = {99},
	Year = {2004}}

@article{louis_1984,
	Author = {Louis, T.A.},
	Date-Added = {2010-04-22 16:04:05 -0400},
	Date-Modified = {2010-04-22 16:04:05 -0400},
	Journal = {Journal of the American Stastical Association},
	Number = {393-398},
	Title = {Estimating a population of parameter values using Bayes and empirical Bayes methods},
	Volume = {79},
	Year = {1984}}

@article{nandram_2007,
	Author = {Nandram, B. and Toto, Ma. C.S. and Choi, J.W.},
	Date-Added = {2010-04-22 16:04:05 -0400},
	Date-Modified = {2010-04-22 16:04:05 -0400},
	Journal = {Preprint},
	Title = {A Bayesian benchmarking for small areas},
	Year = {2007}}

@article{fuller_2007,
	Author = {Fuller, W.A.},
	Date-Added = {2010-04-22 16:04:05 -0400},
	Date-Modified = {2010-04-22 16:04:05 -0400},
	Journal = {Preprint},
	Title = {Small area prediction subject to restrection},
	Year = {2007}}

@article{fay_1979,
	Author = {Fay, R.E. and Herriot, R.A.},
	Date-Added = {2010-04-22 16:04:05 -0400},
	Date-Modified = {2010-04-22 16:04:05 -0400},
	Journal = {Journal of the American Stastical Association},
	Pages = {269-277},
	Title = {Estimates of income from small places: an application of {James-Stein} procedures to census data},
	Volume = {74},
	Year = {1979}}

@article{pfeffermann_1981,
	Author = {Pfeffermann, D. and Nathan, G.},
	Date-Added = {2010-04-22 16:04:05 -0400},
	Date-Modified = {2010-04-22 16:04:05 -0400},
	Journal = {Journal of the American Stastical Association},
	Pages = {681-689},
	Title = {Regression analysis of data from a cluster sample},
	Volume = {76},
	Year = {1981}}

@article{pfeffermann_1991,
	Author = {Pfeffermann, D. and Barnard, C.H.},
	Date-Added = {2010-04-22 16:04:05 -0400},
	Date-Modified = {2010-04-22 16:04:05 -0400},
	Journal = {Journal of Business and Economic Statistics},
	Pages = {31-42},
	Title = {Some new estimators for small area means with application to the assessment of farmland values},
	Volume = {9},
	Year = {1991}}

@article{pfeffermann_2006,
	Author = {Pfeffermann, D. and Tiller, R.},
	Date-Added = {2010-04-22 16:04:05 -0400},
	Date-Modified = {2010-04-22 16:04:05 -0400},
	Journal = {Journal of the American Stastical Association},
	Pages = {1387-1397},
	Title = {Small area estimation with state-space models subject to benchmark constraints},
	Volume = {101},
	Year = {2006}}

@article{prasad_1990,
	Author = {Prasad, N.G.N. and Rao, J.N.K.},
	Date-Added = {2010-04-22 16:04:05 -0400},
	Date-Modified = {2010-04-22 16:04:05 -0400},
	Journal = {Journal of the American Stastical Association},
	Pages = {163-171},
	Title = {The estimation of the mean squared error of small-area estimators},
	Volume = {85},
	Year = {1990}}

@book{rao_2003,
	Author = {Rao, J.N.K.},
	Date-Added = {2010-04-22 16:04:05 -0400},
	Date-Modified = {2010-04-22 16:04:05 -0400},
	Publisher = {Wiley, New York},
	Title = {Small Area Estimation},
	Year = {2003}}

@article{srivastava_1992,
	Author = {Srivastava, J. and Ouyang, Z.},
	Journal = {Journal of Planning and Statistics},
	Pages = {199-218},
	Title = {Studies on a general estimator in sampling utilizing extraneous information through a sample weight function},
	Volume = {31},
	Year = {1992}}

@article{sweeting_2006,
	Author = {Sweeting, T. and Datta, G.S. and Ghosh, M.},
	Journal = {Annals of Statistics},
	Pages = {441-468},
	Title = {Nonsubjective priors via predictive relative entropy regret},
	Volume = {34},
	Year = {2006}}

@article{you_2004,
	Author = {You, Y. and Rao, J.N.K},
	Date-Added = {2010-04-22 16:04:05 -0400},
	Date-Modified = {2010-04-22 16:04:05 -0400},
	Journal = {Statistics in Transition},
	Pages = {631-640},
	Title = {Benchmarking hierarchical{B}ayes small area estimators in the Canadian census undercoverage estimation},
	Volume = {6},
	Year = {2004}}

@article{you_2003,
	Author = {You, Y. and Rao, J.N.K},
	Date-Added = {2010-04-22 16:04:05 -0400},
	Date-Modified = {2010-04-22 16:04:05 -0400},
	Journal = {Journal of Statistical Planning and Inference},
	Pages = {197-208},
	Title = {Pseudo hierarchical Bayes small area estimation combining unit level models and survey weights},
	Volume = {111},
	Year = {2003}}

@article{you_2002,
	Author = {You, Y. and {Rao, J.N.K}},
	Date-Added = {2010-04-22 16:04:05 -0400},
	Date-Modified = {2010-04-22 16:04:05 -0400},
	Journal = {The Canadian Journal of Statistics},
	Pages = {431-439},
	Title = {A pseudo-empirical best linear unbiased prediction approach to small area estimation using survey weights.},
	Volume = {30},
	Year = {2002}}

@article{wang_2008,
	Author = {Wang, J. and Fuller, W.A. and Qu, Y.},
	Date-Added = {2010-04-22 16:04:05 -0400},
	Date-Modified = {2010-04-22 16:04:05 -0400},
	Journal = {Survey Methodology},
	Pages = {29-36},
	Title = {Small area estimation under a restriction},
	Volume = {34},
	Year = {2008}}

@article{zellner_1986,
	Author = {Zellner, A.},
	Date-Added = {2010-04-22 16:04:05 -0400},
	Date-Modified = {2010-04-22 16:04:05 -0400},
	Journal = {Advances in Econometrics},
	Pages = {171-182},
	Title = {Further results on Bayesian minimum expected loss (MELO) estimates and posterior distributions for structural coefficients.},
	Year = {1986}}

@article{zellner_1988,
	Author = {Zellner, A.},
	Date-Added = {2010-04-22 16:04:05 -0400},
	Date-Modified = {2010-04-22 16:04:05 -0400},
	Journal = {Journal of Econometrics},
	Pages = {27-50},
	Title = {Bayesian analysis in econometrics},
	Volume = {37},
	Year = {1988}}

@book{zellner_1994,
	Author = {Zellner, A.},
	Date-Added = {2010-04-22 16:04:05 -0400},
	Date-Modified = {2010-04-22 16:04:05 -0400},
	Publisher = {Springer-Verlag, New York},
	Series = {Bayesian and non-Bayesian estimation using balanced loss functions},
	Title = {Statistical Decision Theory and Related Topics},
	Year = {1994}}

@incollection{lehtonen_2009,
	Author = {Lehtonen, R. and Veijanen, A.},
	Date-Added = {2010-04-22 16:04:05 -0400},
	Date-Modified = {2010-04-22 16:04:05 -0400},
	Publisher = {North-Holland, Amsterdam},
	Editor = {D. Pfeffermann and C. R. Rao},
	Series = {Handbook of Statistics},
	Booktitle = {Sample Surveys: Inference and Analysis},
	Title = {Design-based methods of estimation for domains and small areas.},
	Volume = {29B},
	Pages = {219--249},
	Year = {2009}}


@article{mitchell2008predicting,
  title={Predicting human brain activity associated with the meanings of nouns},
  author={Mitchell, Tom M. and Shinkareva, Svetlana V. and Carlson, Andrew and Chang, Kai-Min and Malave, Vicente L. and Mason, Robert A. and Just, Marcel Adam},
  journal={Science},
  volume={320},
  pages={1191--1195},
  year={2008},
  publisher={American Association for the Advancement of Science}
}

@article{sudre2012tracking,
  title={Tracking neural coding of perceptual and semantic features of concrete nouns},
  author={Sudre, Gustavo and Pomerleau, Dean and Palatucci, Mark and Wehbe, Leila and Fyshe, Alona and Salmelin, Riitta and Mitchell, Tom},
  journal={NeuroImage},
  volume={62},
  pages={451--463},
  year={2012},
  publisher={Elsevier}
}

@article{tzourio2002automated,
  title={Automated anatomical labeling of activations in {SPM} using a macroscopic anatomical parcellation of the {MNI} {MRI} single-subject brain},
  author={Tzourio-Mazoyer, N and Landeau, B and Papathanassiou, D and Crivello, F and Etard, O and Delcroix, N and Mazoyer, Bernard and Joliot, M},
  journal={Neuroimage},
  volume={15},
  pages={273--289},
  year={2002},
  publisher={Elsevier}
}

@inproceedings{palatucci2009zero,
  title={Zero-shot learning with semantic output codes},
  author={Palatucci, Mark and Pomerleau, Dean and Hinton, Geoffrey E and Mitchell, Tom M},
  booktitle={Advances in neural information processing systems},
  pages={1410--1418},
  year={2009}
}

@article{smith2004overview,
  title={Overview of {fMRI} analysis},
  author={Smith, Stephen M},
  journal={British journal of radiology},
  volume={77},
  number={suppl 2},
  pages={S167--S175},
  year={2004},
  publisher={Br Inst Radiology}
}

@article{naselaris2011encoding,
  title={Encoding and decoding in fMRI},
  author={Naselaris, Thomas and Kay, Kendrick N and Nishimoto, Shinji and Gallant, Jack L},
  journal={NeuroImage},
  volume={56},
  pages={400--410},
  year={2011},
  publisher={Elsevier}
}


@misc{friedmanglmnet,
  title={Glmnet for Matlab},
  year = 2010,
  author={Friedman, J and Hastie, T and Tibshirani, R and Jiang, H}
}

@article{sadinle,
	author = {Sadinle, Mauricio and Fienberg, Stephen E.},
	title = {{A Generalized Fellegi--Sunter Framework for Multiple Record Linkage With Application to Homicide Record--Systems}},
	journal = {Journal of the American Statistical Association},
	volume = {Forthcoming},
	year = {2013},
	url = {http://amstat.tandfonline.com/doi/abs/10.1080/01621459.2012.757231},
	eprint = {http://amstat.tandfonline.com/doi/pdf/10.1080/01621459.2012.757231}
}

@article{sadinle2,
	author = {Sadinle, Mauricio},
	title = {{A Bayesian Framework for Duplicate Detection, Record Linkage, and Subsequent Inference with Linked Files}},
	year = {2013}
}


@article{larsen,
	author = {Larsen, M. D. and Rubin, D. B.},
	title = {{Iterative Automated Record Linkage Using Mixture Models}},
	journal = {Journal of the American Statistical Association},
	volume = {96},
	number = {453},
	year = {2001}
}


@article{evt,
	author = {Murat Sariyar and Andreas Borg and Klaus Pommerening},
	title = {{Controlling false match rates in record linkage using extreme value theory}},
	journal = {Journal of Biomedical Informatics},
	volume = {in press},
	year = {2011}
}


@article{hartigan,
	author = {Hartigan, J.A.},
	title = {{Clustering Algorithms}},
	journal = {John Wiley \& Sons, New York},
	year = {1975}
}


@article{fellegi,
	author = {Ivan P. Fellegi and Alan B. Sunter},
	title = {{A Theory for Record Linkage}},
	journal = {Journal of the American Statistical Association},
	volume = {64},
	year = {1969},
	Number = {328},
	Pages = {1183--1210}
}

@article{rand,
	author = {William B. Rand},
	title = {{Objective criteria for the evaluation of clustering methods}},
	journal = {Journal of the American Statistical Association},
	volume = {66},
	year = {1971},
	Number = {336},
	Pages = {846--850}
}


@misc{winkler-conv,
	author = {Winkler, W.E.},
	title = {{Personal communication}},
	year = {2013},
}



@misc{christen-conv,
	author = {Christen, Peter},
	title = {{Personal communication}},
	year = {2011},
}


@article{beka,
	Title = {{Parametric Bayesian Inference for High Dimensional Multiple Record Linkage}},
	Author = {Steorts, Rebecca C. and Hall, Robert and Fienberg, Stephen},
	Year = {2013}
}


@article{iris,
	Title = {{The use of multiple measurements in taxonomic problems}},
	Author = {Fisher, R. A.},
	Pages = {179–-188},
	Year = {1936},
	Volume = {7},
	Journal = {Annals of Eugenics}
}


@article{minimax,
	Title = {{Hierarchical Clustering With Prototypes via Minimax Linkage}},
	Author = {Jacob Bien and Robert Tibshirani},
	Pages = {1075--1084},
	Year = {2012},
	Journal = {Annals of Eugenics},
	URL = {http://www-stat.stanford.edu/~jbien/jasa2011minimax.pdf}
}


@article{tantrum,
	Title = {{Hierarchical model-based clustering of large datasets through fractionation and refractionation}},
	Author = {Jeremy Tantrum and Alejandro Murua and Werner Stuetzle},
	Pages = {315–-326},
	Year = {2004},
	Journal = {Information Systems},
	Volume = {29},
	URL = {http://www.dms.umontreal.ca/~murua/research/hierarchicalMBC.pdf}
}



@article{cutting,
	Title = {{Scatter/gather: a cluster-based approach to browsing large document collections}},
	Author = {D. Cutting and D. Karger and J. Pedersen and J. Tukey},
	Year = {1992},
	Journal = {Proceedings of the 15th Annual International ACM SIGIR Conference on Research and Development in Information Retrieval},
	Pages = {318–-329},
}



@article{blb,
	Title = {{A Scalable Bootstrap for Massive Data}},
	Author = {Ariel Kleiner and Ameet Talwalkar and Purnamrita Sarkar and Michael I. Jordan},
	Year = {2012},
	URL = {http://arxiv.org/abs/1112.5016},
}

@article{strings,
	Title = {{Approximate string matching}},
	Author = {Wikipedia},
	Year = {2013},
	URL = {http://en.wikipedia.org/wiki/Approximate_string_matching},
}

@article{nltcs,
	Title = {{The National Long-Term Care Survey}},
	Author = {Kenneth G. Manton},
	Institution = {Duke University},
	Year = {2013},
	URL = {http://www.nltcs.aas.duke.edu/data.htm},
}


@article{jw,
	Title = {{String Comparator Metrics and Enhanced Decision Rules in the Fellegi-Sunter Model of Record Linkage}},
	Author = {Winkler, W.E.},
	Pages = {354--359},
	Year = {1990},
	Journal = {Proceedings of the Section on Survey Research Methods (American Statistical Association)},
}


@article{winkler95,
	Title = {{Matching and Record Linkage}},
	Author = {Winkler, W.E.},
	Pages = {355--384},
	Year = {1995},
	Journal = {Business Survey Methods, New York: J. Wiley},
}

@article{han,
	Title = {{Two Supervised Learning Approaches for Name Disambiguation in Author Citations}},
	Author = {H. Han and L. Giles and H. Zha and C. Li and K. Tsioutsiouliklis},
	Year = {2004},
	Journal = {Joint Conference on Digital Libraries}
}




@article{f1,
	Title = {{Small Worlds and Regional Innovation}},
	Author = {L. Fleming and C. King III and A. Juda},
	Year = {2007},
	Journal = {Organizational Science},
	Volume = {18},
	Number = {6}
}


@article{f2,
	Title = {{The careers and co-authorship networks of U.S. patent-holders, since 1975}},
	Author = {R. Lai and A. D'Amour and L. Fleming},
	Year = {2009}
}


@article{f3,
	Title = {{Disambiguation and Co-authorship Networks of the U.S. Patent Inventor Database}},
	Author = {R. Lai and A. D'Amour and A. Yu and Y. Sun and L. Fleming},
	Year = {2011}
}


@article{treeratpituk,
	Title = {{Disambiguating Authors in Academic Publications using Random Forests}},
	Author = {P. Treeratpituk and C.L. Giles},
	Journal = {Joint Conference on Digital Libaries},
	Year = {2009}
}


@article{torvik,
	Title = {{Author Name Disambiguation in MEDLINE}},
	Author = {V. Torvik and N. Smalheiser},
	Journal = {ACM Transactions on Knowledge Discovery from Data},
	Year = {2009},
	Volume = {3},
	Number = {3},
	Article = {11}
}



@article{uspto,
	Title = {{USPTO Assignee Harmonization}},
	Author = {USPTO},
	Year = {2006},
	URL = {http://www.uspto.gov/web/offices/ac/ido/oeip/taf/data/misc/data_cd.doc/assignee_harmonization/_read_me_assignees_69_10Nov05.txt}
}



@article{carayol,
	Title = {{Who's Who in Patents: A Bayesian approach}},
	Author = {N. Carayol and L. Cassi},
	Year = {2009}
}






@unpublished{wunmi,
	Title = {{Economic Downturns, Technology Trajectories, and the Careers of Scientists}},
	Author = {E. Akinsanmi and R. Reagans and E. Fuchs},
	Year = {2012},
	Journal = {Carnegie Mellon University working paper},
}



@unpublished{sam-epp,
	Title = {{Methods Matter:  Rethinking Inventor Disambiguation Algorithms with Classification Models and Labeled Inventor Records}},
	Author = {S. L. Ventura and R. Nugent and E.R.H. Fuchs},
	Year = {2013},
	Journal = {Currently Under Review},
}


@book{hastie,
	Title = {{The Elements of Statistical Learning:  Data Mining, Inference, and Prediction, Second Edition}},
	Author = {Hastie, T. and Tibshirani, R. and Friedman, J.},
	Year = {2009},
	Publisher = {Springer-Verlag},
}


@article{breiman,
	Title = {{Random Forests}},
	Author = {Breiman, L.},
	Volume = {45},
	Number = {1},
	Pages = {5-32},
	Year = {2001},
	Journal = {Machine Learning},
}







@article{martins,
	Title = {{A Supervised Machine Learning Approach for Duplicate Detection for Gazetteer Records}},
	Author = {B. Martins},
	Year = {2011},
	Journal = {Lecture Notes in Computer Science},
	Volume = {6631},
	Pages = {34--51}
}


@article{cox1972rmald,
	Title = {{Regression Models and Life-Tables (with discussion)}},
	Author = {Cox, D.R},
	Volume = {34},
	Pages = {187-220},
	Year = {1972},
	Journal = {Journal of the Royal Statistical Society, Series B},
}

@article{hirotsu2002umpmafmdotsatd,
	Title = {{Using a Markov Process Model of an Association Football Match to Determine the Optimal Timing of Substitution and Tactical Decisions}},
	Author = {Hirotsu, Nobuyoshi and Wright, Michael},
	Volume = {53},
	Number = {1},
	Year = {2002},
	Journal = {Journal of the Operational Research Society},
}


@article{rosenbaum2004mhnphttw,
	Title = {{Measuring How NBA Players Help Their Teams Win}},
	Author = {Dan T. Rosenbaum},
	Year = {2004},
	URL = {http://www.82games.com/comm30.htm},
}


@inproceedings{lock2009b+rscnp,
	Title = {{Beyond +/-: A Rating System to Compare NHL Players}},
	Author = {Dennis Lock and MIchael Schuckers},
	Year = {2009},
	Journal = {Joint Statistical Meetings},
	Note = {Presentation at Joint Statistical Meetings},
}



@article{tibshirani1996rsasvl,
	Title = {{Regression Shrinkage and Selection via the Lasso}},
	Author = {Tibshirani, Robert},
	Volume = {58},
	Number = {1},
	Pages = {267–288},
	Year = {1996},
	Journal = {Journal of the Royal Statistical Society, Series B (Methodology)},
}

@article{tibshirani1997lmfvscm,
	Title = {{The Lasso Method for Variable Selection in the Cox Model}},
	Author = {Robert Tibshirani},
	Volume = {16},
	Pages = {385-395},
	Year = {1997},
	Journal = {Statistics in Medicine},
	Local-URL = {%UD%/T/Tibshirani (1997) The Lasso Method for Variable Selection in the Cox Model.pdf},
}


@article{zou2005regularization,
	Title = {{Regularization and variable selection via the elastic net}},
	Author = {Zou, H. and Hastie, T.},
	Volume = {67},
	Number = {2},
	Pages = {301--320},
	Year = {2005},
	Journal = {Journal of the Royal Statistical Society: Series B (Statistical Methodology)},
	Local-URL = {%UD%/Z/Zou (2005) Regularization and variable selection via the elastic net.pdf},
}




@article{wikipedia2012p,
	Title = {{Plus-Minus}},
	Author = {Wikipedia},
	Year = {2012},
	URL = {http://en.wikipedia.org/wiki/Plus-minus},
}





@article{macdonald2011rapsfnp,
	Title = {{A Regression-based Adjusted Plus-Minus Statistic for NHL Players}},
	Author = {Brian Macdonald},
	Volume = {7},
	Number = {3},
	Year = {2011},
	Journal = {Journal of Quantitative Analysis in Sports},
}


@inproceedings{macdonald2012egmfentap,
	Title = {{An Expected Goals Model for Evaluating NHL Teams and Players}},
	Author = {Brian Macdonald},
	Year = {2012},
	Local-URL = {%UD%/M/Macdonald (2012) An Expected Goals Model for Evaluating NHL Teams and Players.pdf},
booktitle = {MIT Sloan Sports Analytics Conference 2012},}



@article{macdonald2012apfnpurr,
	Title = {{Adjusted Plus-Minus for NHL Players using Ridge Regression}},
	Author = {Brian Macdonald},
	Year = {2012},
	URL = {http://arxiv.org/abs/1201.0317v1},
	Local-URL = {%UD%/M/Macdonald (2012) Adjusted Plus-Minus for NHL Players using Ridge Regression.pdf},
}





@unpublished{schuckers2011nhlsrbuaoeampaa,
	Title = {{National Hockey League Skater Ratings Based upon All On-Ice Events: An Adjusted Minus/Plus Probability (AMPP) Approach}},
	Author = {Michael E. Schuckers and Dennis F. Lock and Chris Wells and C. J. Knickerbocker and Robin H. Lock},
	Year = {2011},
	Local-URL = {%UD%/S/Schuckers (2011) National Hockey League Skater Ratings Based upon All On-Ice Events An Adjusted Minus-Plus Probability (AMPP) Approach.pdf},
}



@article{sill2010ina+uraot,
	Title = {{Improved NBA Adjusted +/- Using Regularization and Out-of-Sample Testing}},
	Author = {Joseph Sill},
	Year = {2010},
	Journal = {MIT Sloan Sports Analytics Conference},
	Local-URL = {%UD%/S/Sill (2010) Improved NBA Adjusted +-- Using Regularization and Out-of-Sample Testing.pdf},
}




@article{thomas2006ippalihs,
	Title = {{The Impact of Puck Possession and Location on Ice Hockey Strategy}},
	Author = {A.C. Thomas},
	Volume = {2},
	Number = {1},
	Year = {2006},
	Comment = {Paper number 1!},
	Journal = {Journal for Quantitative Analysis in Sports},
	Tag = {sports, },
	Local-URL = {%UD%/T/Thomas - 2006 - The Impact of Puck Possession and Location on Ice Hockey Strategy.pdf},
}

@article{thomas2007itgih,
	Title = {{Inter-Arrival Times of Goals in Ice Hockey}},
	Author = {A.C. Thomas},
	Volume = {3},
	Number = {3},
	Year = {2007},
	Journal = {Journal of Quantitative Analysis in Sports},
	Tag = {sports, },
	Local-URL = {%UD%/T/Thomas - 2007 - Inter-Arrival Times of Goals in Ice Hockey.pdf},
}



@article{hoerl1970rrbefnp,
	Title = {{Ridge regression: Biased estimation for nonorthogonal problems}},
	Author = {Hoerl, A. E. and R. W. Kennard},
	Volume = {12},
	Pages = {55–67},
	Year = {1970},
	Journal = {Technometrics},
}



@article{brown2008ipbaftebabm,
	Title = {{In-season Prediction of Batting Averages -- A Field Test of Empirical Bayes and Bayes Methodologies}},
	Author = {Lawrence D. Brown},
	Volume = {2},
	Number = {1},
	Pages = {113–152},
	Year = {2008},
	Journal = {The Annals of Applied Statistics},
	Local-URL = {%UD%/B/Brown - 2008 - In-season Prediction of Batting Averages -- A Field Test of Empirical Bayes and Bayes Methodologies.pdf},
}


@article{james1961eql,
	Title = {{Estimation with quadratic loss}},
	Author = {James, W. and Stein, C},
	Volume = {1},
	Pages = {367--379},
	Year = {1961},
	Journal = {Proc. 4th Berkeley Symp. Probab. Statist},
}



@article{beaudoin2010sfpgh,
	Title = {{Strategies for Pulling the Goalie in Hockey}},
	Author = {David Beaudoin and Tim B. Swartz},
	Volume = {64},
	Number = {3},
	Year = {2010},
	Journal = {The American Statistician},
	Local-URL = {%UD%/B/Beaudoin - 2010 - Strategies for Pulling the Goalie in Hockey.pdf},
}


@incollection{morrison1976otpgpmacsuih,
	Title = {{On the Optimal Time to Pull the Goalie: A Poisson Model Applied to a Common Strategy Used in Ice Hockey}},
	Author = {Morrison, D.G.},
	Volume = {4},
	Year = {1976},
	Booktitle = {TIMS Studies in Management Science},
}


@article{ilardi2008aprnaif2,
	Title = {{Adjusted Plus-Minus Ratings: New and Improved for 2007-2008}},
	Author = {Ilardi, S. and A. Barzilai},
	Year = {2008},
	URL = {http://www.82games.com/ilardi2.htm},
}


@article{cook2006vsb,
	Title = {{Validation of Software for Bayesian Models Using Posterior Quantiles}},
	Author = {Samantha R. Cook and Andrew Gelman and Donald B. Rubin},
	Volume = {15},
	Number = {3},
	Pages = {675--692},
	Year = {2006},
	Journal = {Journal of Computational and Graphical Statistics},
	Local-URL = {%UD%/C/Cook - 2006 - Validation of Software for Bayesian Models Using Posterior Quantiles.pdf},
}


@article{gramacy2013epchrlr,
	Title = {{Estimating Player Contribution in Hockey with Regularized Logistic Regression}},
	Author = {Robert B. Gramacy and Shane T. Jensen and Matt Taddy},
	Year = {2013},
	URL = {http://arxiv.org/abs/1209.5026},
	Local-URL = {%UD%/G/Gramacy (2013) Estimating Player Contribution in Hockey with Regularized Logistic Regression.pdf},
}

@article{berry1999bdes,
	Title = {{Bridging Different Eras in Sports}},
	Author = {Scott M. Berry and C. Shane Reese and Patrick D. Larkey},
	Volume = {94},
	Number = {447},
	Pages = {661-676},
	Year = {1999},
	Month = {Sep},
	Journal = {Journal of the American Statistical Association},
	Local-URL = {%UD%/B/Berry - 1999 - Bridging Different Eras in Sports.pdf},
}



@article{dawid1994spbi,
	Title = {{Selection Paradoxes of Bayesian Inference}},
	Author = {A. P. Dawid},
	Pages = {211-220},
	Year = {1994},
	Journal = {Lecture Notes-Monograph Series, Vol. 24, Multivariate Analysis and Its Applications},
	Local-URL = {%UD%/D/Dawid (1994) Selection Paradoxes of Bayesian Inference.pdf},
}

@book{klein-reif,
  Title = {{The Hockey Compendium: NHL Facts, Stats and Stories}},
  Author = {Jeff Z. Klein and Karl-Eric Reif},
  Year = {2001},
}


@article{hans2011enrmonp,
	Title = {{Elastic Net Regression Modeling With the Orthant Normal Prior}},
	Author = {Chris Hans},
	Volume = {106},
	Number = {496},
	Pages = {1383-1393},
	Year = {2011},
	Journal = {Journal of the American Statistical Association},
	Local-URL = {%UD%/H/Hans (2011) Elastic Net Regression Modeling With the Orthant Normal Prior.pdf},
}


@article{li2010ben,
	Title = {{The Bayesian Elastic Net}},
	Author = {Qing Li and Nan Lin},
	Volume = {5},
	Number = {1},
	Pages = {151–170},
	Year = {2010},
	Journal = {Bayesian Analysis},
	Local-URL = {%UD%/L/Li (2010) The Bayesian Elastic Net.pdf},
}


@article{park2008bl,
	Title = {{The Bayesian Lasso}},
	Author = {Trevor Park and George Casella},
	Volume = {103},
	Number = {482},
	Year = {2008},
	Journal = {Journal of the American Statistical Association},
	Local-URL = {%UD%/P/Park (2008) The Bayesian Lasso.pdf},
}


@ARTICLE{Minnotte93themode,
    author = {Michael C. Minnotte and David W. Scott},
    title = {The Mode Tree: A Tool for Visualization of Nonparametric Density Features},
    journal = {Journal of Computational and Graphical Statistics},
    year = {1993},
    volume = {2},
    pages = {51--68}
}


@article{hartigan1981,
     jstor_articletype = {research-article},
     title = {Consistency of Single Linkage for High-Density Clusters},
     author = {Hartigan, J. A.},
     journal = {Journal of the American Statistical Association},
     jstor_issuetitle = {},
     volume = {76},
     number = {374},
     jstor_formatteddate = {Jun., 1981},
     pages = {pp. 388-394},
     url = {http://www.jstor.org/stable/2287840},
     ISSN = {01621459},
     language = {English},
     year = {1981},
}

@article{chipman2010bart,
  title={BART: Bayesian additive regression trees},
  author={Chipman, Hugh A and George, Edward I and McCulloch, Robert E},
  journal={The Annals of Applied Statistics},
  pages={266--298},
  year={2010},
  publisher={JSTOR}
}

@article{churches2002preparation,
  title={Preparation of name and address data for record linkage using hidden Markov models},
  author={Churches, Tim and Christen, Peter and Lim, Kim and Zhu, Justin Xi},
  journal={BMC Medical Informatics and Decision Making},
  volume={2},
  number={9},
  year={2002},
  publisher={BioMed Central}
}
@article{tierney1994markov,
  title={Markov chains for exploring posterior distributions},
  author={Tierney, L.},
  journal={The Annals of Statistics},
  pages={1701--1728},
  year={1994},
  volume = {22},
  number = {4},
  pages = {1701--1728},
  publisher={JSTOR}
}

@inproceedings{broder_1997,
  title={On the resemblance and containment of documents},
  author={Broder, Andrei Z},
  booktitle={Compression and Complexity of Sequences 1997. Proceedings},
  pages={21--29},
  year={1997},
  organization={IEEE}
}

@article{ishwaran2003generalized,
  title={Generalized weighted {C}hinese restaurant processes for species sampling mixture models},
  author={Ishwaran, H. and James, L. F.},
  journal={Statistica Sinica},
  volume={13},
  number={4},
  pages={1211--1236},
  year={2003},
  publisher={Citeseer}
}
@article{sethuraman1994constructive,
  title={A constructive definition of {D}irichlet priors},
  author={Sethuraman, J.},
  journal={Statistica Sinica},
  volume={4},
  number = {1994},
  pages={639--650},
  year={1994}
}

@article{richardson1997bayesian,
  title={On Bayesian analysis of mixtures with an unknown number of components (with discussion)},
  author={Richardson, Sylvia and Green, Peter J},
  journal={Journal of the Royal Statistical Society: series B (statistical methodology)},
  volume={59},
  number={4},
  pages={731--792},
  year={1997},
  publisher={Wiley Online Library}
}


@incollection{christen_2013,
  title={Adaptive temporal entity resolution on dynamic databases},
  author={Christen, P. and Gayler, R. W.},
  booktitle={Advances in Knowledge Discovery and Data Mining},
  pages={558--569},
  year={2013},
  publisher={Springer}
}

@article{antoniak1974mixtures,
  title={Mixtures of {D}irichlet processes with applications to {B}ayesian nonparametric problems},
  author={Antoniak, C.~E.},
  journal={The Annals of Statistics},
  pages={1152--1174},
  volume = {2},
  number = {6},
  year={1974},
  publisher={JSTOR}
}

@article{maceachern1994estimating,
  title={Estimating normal means with a conjugate style {D}irichlet process prior},
  author={MacEachern, S.~N.},
  journal={Communications in Statistics-Simulation and Computation},
  volume={23},
  number={3},
  pages={727--741},
  year={1994},
  publisher={Taylor \& Francis}
}

@incollection{maceachern1998computational,
  title={Computational methods for mixture of {D}irichlet process models},
  author={MacEachern, S.~N.},
  booktitle={Practical nonparametric and semiparametric Bayesian statistics},
  pages={23--43},
  year={1998},
  publisher={Springer}
}


@article{ishwaran2001gibbs,
  title={Gibbs sampling methods for stick-breaking priors},
  author={Ishwaran, H. and James, L.~F.},
  journal={Journal of the American Statistical Association},
  volume={96},
  number={453},
  pages = {161--173},
  year={2001}
}

@article{perman1992size,
  title={Size-biased sampling of {P}oisson point processes and excursions},
  author={Perman, M. and Pitman, J. and Yor, M.},
  journal={Probability Theory and Related Fields},
  volume={92},
  number={1},
  pages={21--39},
  year={1992},
  publisher={Springer}
}

@article{pitman1997two,
  title={The two-parameter {P}oisson-{D}irichlet distribution derived from a stable subordinator},
  author={Pitman, J. and Yor, M.},
  journal={The Annals of Probability},
  volume = {25},
  number = {2},
    pages={855--900},
  year={1997},
  publisher={JSTOR}
}

@article{pitman1995exchangeable,
  title={Exchangeable and partially exchangeable random partitions},
  author={Pitman, Jim},
  journal={Probability theory and related fields},
  volume={102},
  number={2},
  pages={145--158},
  year={1995},
  publisher={Springer}
}


@book{pitman_2006,
  title={Combinatorial stochastic processes},
  author={Pitman, Jim},
  volume={32},
  year={2006},
  publisher={Springer Science \& Business Media}
}

@article{sadosky15blocking,
  title={Blocking Methods Applied to Casualty Records from the Syrian Conflict},
  author={Sadosky, Peter and Shrivastava, Anshumali and Price, Megan and Steorts, Rebecca C},
  journal={arXiv preprint arXiv:1510.07714},
  year={2015}
}

@article{price_2015,
  title={Documents of war: Understanding the Syrian conflict},
  author={Price, Megan and Gohdes, Anita and Ball, Patrick},
  journal={Significance},
  volume={12},
  number={2},
  pages={14--19},
  year={2015},
  publisher={Wiley Online Library}
}

@article{hoffman_2014,
  title={Stochastic Structured Mean-Field Variational Inference},
  author={Hoffman, Matthew D and Blei, David},
  journal={arXiv:1404.4114},
  year={2014}
}

@article{jordan_1999,
  title={An introduction to variational methods for graphical models},
  author={Jordan, Michael I and Ghahramani, Zoubin and Jaakkola, Tommi S and Saul, Lawrence K},
  journal={Machine learning},
  volume={37},
  number={2},
  pages={183--233},
  year={1999},
  publisher={Springer}
}

@INPROCEEDINGS{hall_2012_nips,
		author={Hall, R., Steorts, R., and Fienberg, S.},
		title={{Bayesian parametric and nonparametric inference for multiple record linkage }},
		booktitle = {"Modern Nonparametric Methods in Machine Learning Workshop"},
		year = {2012},
		month = {December}
		}

@article{fienberg_2014,
title={{Discussion of Estimating the
Distribution of Dietary
Consumption Patterns }},
author={Fienberg, S. and Steorts, R.},
journal={Statistical Science},
volume={29},
number={1},
pages={95-96},
url = {arxiv:1403.0566},
year={2014}
}

@article{satuluri_2012,
  title={Bayesian locality sensitive hashing for fast similarity search},
  author={Satuluri, Venu and Parthasarathy, Srinivasan},
  journal={Proceedings of the VLDB Endowment},
  volume={5},
  number={5},
  pages={430--441},
  year={2012},
  publisher={VLDB Endowment}
}

@article{ormerod_2010,
  title={Explaining variational approximations},
  author={Ormerod, JT and Wand, MP},
  journal={The American Statistician},
  volume={64},
  number={2},
  pages={140--153},
  year={2010},
  publisher={Taylor \& Francis}
}

@article{blei_2003_latent,
  title={Latent {D}irichlet allocation},
  author={Blei, D.~M. and Ng, A.~Y. and Jordan, M.~I.},
  journal={Journal of Machine Learning Research},
  volume={3},
  pages={993--1022},
  year={2003},
  publisher={JMLR.org}
}

@article{blei_2006_variational,
  title={Variational inference for {D}irichlet process mixtures},
  author={Blei, D.~M. and Jordan, M.~I.},
  journal={Bayesian Analysis},
  volume={1},
  number={1},
  pages={121--143},
  year={2006},
  publisher={International Society for Bayesian Analysis}
}

@article{broderick_2013_feature,
  title={Feature allocations, probability functions, and paintboxes},
  author={Broderick, T. and Pitman, J. and Jordan, M.~I.},
  journal={Bayesian Analysis},
  volume={8},
  number={4},
  pages={801--836},
  year={2013},
  publisher={International Society for Bayesian Analysis}
}

@article{kingman_1978_representation,
  title={The representation of partition structures},
  author={Kingman, J.~F.~C.},
  journal={Journal of the London Mathematical Society},
  volume={2},
  number={2},
  pages={374--380},
  year={1978},
  publisher={Oxford University Press}
}


  @article{teh_2006_hierarchical,
  title={Hierarchical {D}irichlet processes},
  author={Teh, Y.~W. and Jordan, M.~I. and Beal, M.~J. and Blei, D.~M.},
  journal={Journal of the American Statistical Association},
  volume={101},
  number={476},
  pages = {1566--1581},
  year={2006}
}
@article{lum_2013,
  title={Applications of Multiple Systems Estimation in Human Rights Research},
  author={Lum, Kristian and Price, Megan Emily and Banks, David},
  journal={The American Statistician},
  volume={67},
  number={4},
  pages={191--200},
  year={2013},
  publisher={Taylor \& Francis Group}
}

@inproceedings{wallach_2010,
  title={An Alternative Prior Process for Nonparametric {B}ayesian Clustering},
  author={Wallach, H. M. and Jensen, S. and Dicker, L. and Heller, K. A.},
  booktitle={International Conference on Artificial Intelligence and Statistics},
  pages={892--899},
  year={2010}
}

@article{reiter_2010,
  title={Sampling with synthesis: A new approach for releasing public use census microdata},
  author={Drechsler, J{\"o}rg and Reiter, Jerome P},
  journal={Journal of the American Statistical Association},
  volume={105},
  number={492},
  pages={1347--1357},
  year={2010},
  publisher={Taylor \& Francis}
}

@article{broderick_2014_vb,
title={Variational Bayes for Merging Noisy Databases},
author={Broderick, T. and Steorts, R.},
journal={Advances in Variational Inference
NIPS 2014 Workshop},
url = {arxiv:1410.4792},
year={2014}
}

@article{taddy2015bayesian,
  title={Bayesian and empirical Bayesian forests},
  author={Taddy, Matt and Chen, Chun-Sheng and Yu, Jun and Wyle, Mitch},
  journal={arXiv preprint arXiv:1502.02312},
  year={2015}
}
