@Book{christen12data,
  author =       {P. Christen},
  title =        {Data Matching: Concepts and Techniques for Record Linkage, Entity Resolution, and Duplicate Detection},
  publisher =    {Springer},
  year =         {2012},
  OPTkey =       {},
  OPTvolume =    {},
  OPTnumber =    {},
  OPTseries =    {},
  OPTaddress =   {},
  OPTedition =   {},
  OPTmonth =     {},
  OPTnote =      {},
  OPTannote =    {}
}

@Article{christensurvey,
  author =       {P. Christen},
  title =        {A Survey of Indexing Techniques for Scalable Record Linkage and Deduplication},
  journal =      {IEEE Transactions on Knowledge and Data Engineering},
  year =         {2012},
  OPTkey =       {},
  volume =       {24},
  number =       {9},
  OPTpages =     {1537--1555},
  OPTmonth =     {},
  OPTnote =      {},
  OPTannote =    {}
}

@TechReport{winkler06overview,
  author =       {Winkler, William},
  title =        {Overview of Record Linkage and Current Research Directions},
  institution =  {U.S. Bureau of the Census Statistical Research Division},
  year =         {2006},
  OPTkey =       {},
  OPTtype =      {},
  OPTnumber =    {},
  OPTaddress =   {},
  OPTmonth =     {},
  OPTnote =      {},
  OPTannote =    {}
}

@article{broderick2014variational,
  title={Variational {B}ayes for Merging Noisy Databases},
  author={Broderick, Tamara and Steorts, Rebecca C},
  journal={arXiv preprint arXiv:1410.4792},
  year={2014}
}

@article{ghosh_2013,
  title={Two-stage benchmarking as applied to small area estimation},
  author={Ghosh, Malay and Steorts, Rebecca C},
  journal={TEST},
  volume={22},
  number={4},
  pages={670--687},
  year={2013},
  publisher={Springer}
}

@article{fienberg2014discussion,
  title={Discussion of ``{E}stimating the Distribution of Dietary Consumption Patterns"},
  author={Fienberg, Stephen E and Steorts, Rebecca C.},
  journal={Statistical Science},
  volume={29},
  number={1},
  pages={95--96},
  year={2014},
  publisher={Institute of Mathematical Statistics}
}

@article{steorts2014discussion,
  title={Comments on:``{S}ingle and two-stage cross-sectional and time series benchmarking procedures for small area estimation"},
  author={Steorts, Rebecca C and Ugarte, M Dolores},
  journal={TEST},
  volume={23},
  number={4},
  pages={680--685},
  year={2014},
  publisher={Springer}
}


@article{wehbe2015regularized,
  title={Regularized brain reading with shrinkage and smoothing},
  author={Wehbe, Leila and Ramdas, Aaditya and Steorts, Rebecca C and Shalizi, Cosma Rohilla},
  journal={The Annals of Applied Statistics},
  volume={9},
  number={4},
  pages={1997--2022},
  year={2015},
  publisher={Institute of Mathematical Statistics}
}

@article{Steorts_2013,
title={{On estimation of mean squared errors of benchmarked
empirical {B}ayes estimators }},
author={Steorts, R. and Ghosh, M.},
journal={Statistica Sinica},
volume={23},
number={2},
pages={749--767},
year={2013},
}

@Article{steorts??bayesian,
  author =       {R.~C. Steorts and R. Hall and S.~E. Fienberg},
  title =        {A {B}ayesian Approach to Graphical record Linkage and De-duplication},
  journal =      {Journal of the American Statistical Society},
  year =         {In press},
  OPTkey =       {},
  OPTvolume =    {},
  OPTnumber =    {},
  OPTpages =     {},
  OPTmonth =     {},
  OPTnote =      {},
  OPTannote =    {}
}

@Article{steorts15entity,
  author =       {R.~C. Steorts},
  title =        {Entity Resolution with Empirically Motivated Priors},
  journal =      {Bayesian Analysis},
  year =         {2015},
  OPTkey =       {},
  volume =       {10},
  number =       {4},
  pages =        {849--875},
  OPTmonth =     {},
  OPTnote =      {},
  OPTannote =    {}
}

@Article{steorts14smered,
  author =       {R.~C. Steorts and R. Hall and S.~E. Fienberg},
  title =        {{SMERED}: A {B}ayesian Approach to Graphical Record Linkage and De-duplication},
  journal =      {Proceedings of the 17th {I}nternational {C}onference on {A}rtificial {I}ntelligence and {S}tatistics {(AISTATS)}},
  year =         {2014},
  OPTkey =       {},
  volume =       {33},
  OPTnumber =    {},
  pages =        {922--930},
  OPTmonth =     {},
  OPTnote =      {},
  OPTannote =    {}
}

@Article{richardson97bayesian,
  author =       {S. Richardson and P.~J. Green},
  title =        {On {B}ayesian Analysis of Mixtures with an Unknown Number of Components},
  journal =      {Journal of the Royal Statistical Society Series B},
  year =         {1997},
  OPTkey =       {},
  OPTvolume =    {},
  OPTnumber =    {},
  pages =        {731--792},
  OPTmonth =     {},
  OPTnote =      {},
  OPTannote =    {}
}

@Unpublished{miller15mixture,
  author =       {J.~W. Miller and M.~T. Harrison},
  title =        {Mixture Models with a Prior on the Number of Components},
  note =         {arXiv:1502.06241},
  OPTkey =       {},
  OPTmonth =     {},
  year =         {2015},
  OPTannote =    {}
}

@Article{sethuraman94constructive,
  author =       {J. Sethuraman},
  title =        {A Constructive Definition of {D}irichlet Priors},
  journal =      {Statistica Sinica},
  year =         {1994},
  OPTkey =       {},
  volume =       {4},
  OPTnumber =    {},
  pages =        {639--650},
  OPTmonth =     {},
  OPTnote =      {},
  OPTannote =    {}
}

@Article{ishwaran03generalized,
  author =       {H. Ishwaran and L.~F. James},
  title =        {Generalized Weighted {C}hinese Restaurant Processes for Species Sampling Mixture Models},
  journal =      {Statistica Sinica},
  year =         {2003},
  OPTkey =       {},
  volume =       {13},
  number =       {4},
  pages =        {1211--1236},
  OPTmonth =     {},
  OPTnote =      {},
  OPTannote =    {}
}

@Article{kingman78representation,
  author =       {J.~F.~.C Kingman},
  title =        {The Representation of Partition Structures},
  journal =      {Journal of the London Mathematical Society},
  year =         {1978},
  OPTkey =       {},
  volume =       {2},
  number =       {2},
  pages =        {374--380},
  OPTmonth =     {},
  OPTnote =      {},
  OPTannote =    {}
}

@Article{aldous85exchangeability,
  author =       {D. Aldous},
  title =        {Exchangeability and Related Topics},
  journal =      {{\'E}cole d'{\'E}t{\'e} de Probabilit{\'e}s de Saint-Flour XIII---1983},
  year =         {1985},
  OPTkey =       {},
  OPTvolume =    {},
  OPTnumber =    {},
  pages =        {1--198},
  OPTmonth =     {},
  OPTnote =      {},
  OPTannote =    {}
}

@InProceedings{wallach10alternative,
  author =       {H.~M. Wallach and S. Jensen and L. Dicker and K.~A. Heller},
  title =        {An alternative prior process for nonparametric {B}ayesian clustering},
  OPTcrossref =  {},
  OPTkey =       {},
  booktitle =    {Proceedings of the 13$^{\textrm{th}}$ International Conference on Artificial Intelligence and Statistics},
  year =         {2010},
  OPTeditor =    {},
  OPTvolume =    {},
  OPTnumber =    {},
  OPTseries =    {},
  OPTpages =     {},
  OPTmonth =     {},
  OPTaddress =   {},
  OPTorganization = {},
  OPTpublisher = {},
  OPTnote =      {},
  OPTannote =    {}
}

@Article{jain04split--merge,
  author =       {S. Jain and R. Neal},
  title =        {A Split--Merge {M}arkov Chain {M}onte {C}arlo Procedure for the {D}irichlet Process Mixture Model},
  journal =      {Journal of Computational and Graphical Statistics},
  year =         {2004},
  OPTkey =       {},
  volume =       {13},
  OPTnumber =    {},
  pages =        {158--182},
  OPTmonth =     {},
  OPTnote =      {},
  OPTannote =    {}
}

@Article{tierney94markov,
  author =       {L. Tierney},
  title =        {Markov Chains for Exploring Posterior Distributions},
  journal =      {The Annals of Statistics},
  year =         {1994},
  OPTkey =       {},
  OPTvolume =    {},
  OPTnumber =    {},
  pages =        {1701--1728},
  OPTmonth =     {},
  OPTnote =      {},
  OPTannote =    {}
}

@Article{miller15microclustering,
  title={Microclustering: {W}hen the {C}luster {S}izes {G}row {S}ublinearly with the {S}ize of the {D}ata {S}et},
  author={Miller, Jeffrey and Betancourt, Brenda and Zaidi, Abbas and Wallach, Hanna and Steorts, Rebecca {C.}},
  journal={arXiv preprint arXiv:1512.00792},
  year={2015}
}

@article{zanella14bayesian,
  title={{B}ayesian complementary clustering, {MCMC} and {A}nglo-{S}axon placenames},
  author={Zanella, Giacomo},
  journal={arXiv preprint arXiv:1409.6994},
  year={2014}
}

@techreport{hall2012,
  title={Bayesian parametric and nonparametric inference for multiple record linkage},
  author={Hall, Rob and Steorts, Rebecca C and Fienberg, Stephen E},
  year={2012},
  journal={"Modern Nonparametric Methods in Machine Learning Workshop", NIPS Workshops}
}






@inproceedings{steorts14comparison,
  title={A comparison of blocking methods for record linkage},
  author={Steorts, Rebecca C and Ventura, Samuel L and Sadinle, Mauricio and Fienberg, Stephen E},
  booktitle={Privacy in Statistical Databases},
  pages={253--268},
  year={2014},
  organization={Springer}
}
